
@article{fine2019,
	title = {An examination of a functional mixed-effects modeling approach to the analysis of longitudinal data},
	author = {{Fine}, {Kimberly L.} and {Suk}, {Hye Won} and {Grimm}, {Kevin J.}},
	year = {2019},
	month = {03},
	date = {2019-03-21},
	journal = {Multivariate Behavioral Research},
	pages = {475--491},
	volume = {54},
	number = {4},
	doi = {10.1080/00273171.2018.1520626},
	url = {http://dx.doi.org/10.1080/00273171.2018.1520626},
	langid = {en}
}

@article{wu2017,
	title = {Optimal number and allocation of data collection points for linear spline growth curve modeling},
	author = {{Wu}, {Wei} and {Jia}, {Fan} and {Kinai}, {Richard} and {Little}, {Todd D.}},
	year = {2017},
	month = {04},
	date = {2016-04-24},
	journal = {International Journal of Behavioral Development},
	pages = {550--558},
	volume = {41},
	number = {4},
	doi = {10.1177/0165025416644076},
	url = {http://dx.doi.org/10.1177/0165025416644076},
	langid = {en}
}

@article{coulombe2016,
  title={Ignoring individual differences in times of assessment in growth curve modeling},
  author={Coulombe, Patrick and Selig, James P and Delaney, Harold D},
  journal={International Journal of Behavioral Development},
  volume={40},
  number={1},
  pages={76--86},
  year={2016},
  doi = {10.1177/0165025415577684},
  publisher={SAGE Publications Sage UK: London, England}
}

@article{liu2021,
	title = {Estimating knots and their association in parallel bilinear spline growth curve models in the framework of individual measurement occasions},
	author = {{Liu }, {Jin} and {Perera}, {Robert A.}},
	year = {2022},
	journal = {Psychological Methods},
	volume={27},
  number={5},
  pages={703--729},
	doi = {10.1037/met0000309},
	url = {http://dx.doi.org/10.1037/met0000309},
	langid = {en}
}



@article{methot2017,
	title = {Good citizen interrupted: Calibrating a temporal theory of citizenship behavior},
	author = {Methot, Jessica R. and Lepak, David and Shipp, Abbie J. and Boswell, Wendy R.},
	year = {2017},
	month = {01},
	date = {2017-01},
	journal = {Academy of Management Review},
	pages = {10--31},
	volume = {42},
	number = {1},
	doi = {10.5465/amr.2014.0415},
	url = {http://dx.doi.org/10.5465/amr.2014.0415},
	langid = {en}
}

@article{george2000,
	title = {The role of time in theory and theory building},
	author = {George, Jennifer M. and Jones, Gareth R.},
	year = {2000},
	month = {08},
	date = {2000-08},
	journal = {Journal of Management},
	pages = {657--684},
	volume = {26},
	number = {4},
	doi = {10.1177/014920630002600404},
	url = {http://dx.doi.org/10.1177/014920630002600404},
	langid = {en}
}

@article{mitchell2001,
	title = {Building better theory: Time and the specification of when things happen},
	author = {Mitchell, T R. and James, Lawrence R.},
	year = {2001},
	month = {10},
	date = {2001-10},
	journal = {Academy of Management Review},
	pages = {530--547},
	volume = {26},
	number = {4},
	doi = {10.5465/amr.2001.5393889},
	url = {http://dx.doi.org/10.5465/amr.2001.5393889},
	langid = {en}
}

@article{cole2003,
	title = {Testing mediational models with longitudinal data: Questions and tips in the use of structural equation modeling},
	author = {Cole, David A. and Maxwell, Scott E.},
	year = {2003},
	date = {2003},
	journal = {Journal of Abnormal Psychology},
	pages = {558--577},
	volume = {112},
	number = {4},
	doi = {10.1037/0021-843x.112.4.558},
	url = {http://dx.doi.org/10.1037/0021-843X.112.4.558},
	langid = {en}
}

@article{sonnentag2012,
	title = {Time in organizational research: Catching up on a long neglected topic in order to improve theory},
	author = {Sonnentag, Sabine},
	year = {2012},
	month = {06},
	date = {2012-06-06},
	journal = {Organizational Psychology Review},
	pages = {361--368},
	volume = {2},
	number = {4},
	doi = {10.1177/2041386612442079},
	url = {http://dx.doi.org/10.1177/2041386612442079},
	langid = {en}
}

@article{aguinis2021,
	title = {Time is of the essence: Improving the conceptualization and measurement of time},
	author = {Aguinis, Herman and Bakker, Rene M.},
	year = {2021},
	month = {06},
	date = {2021-06},
	journal = {Human Resource Management Review},
	pages = {100763},
	volume = {31},
	number = {2},
	doi = {10.1016/j.hrmr.2020.100763},
	url = {http://dx.doi.org/10.1016/j.hrmr.2020.100763},
	langid = {en}
}

@article{ancona2001,
	title = {Time: A new research lens},
	author = {Ancona, Deborah G. and Goodman, Paul S. and Lawrence, Barbara S. and Tushman, Michael L.},
	year = {2001},
	month = {10},
	date = {2001-10},
	journal = {Academy of Management Review},
	pages = {645--663},
	volume = {26},
	number = {4},
	doi = {10.5465/amr.2001.5393903},
	url = {http://dx.doi.org/10.5465/amr.2001.5393903},
	langid = {en}
}

@article{vantilborgh2018,
	title = {The time has come to study dynamics at work},
	author = {Vantilborgh, Tim and Hofmans, Joeri and Judge, Timothy A.},
	year = {2018},
	month = {11},
	date = {2018-11},
	journal = {Journal of Organizational Behavior},
	pages = {1045--1049},
	volume = {39},
	number = {9},
	doi = {10.1002/job.2327},
	url = {http://dx.doi.org/10.1002/job.2327},
	langid = {en}
}

@article{roe2008,
	title = {Time in applied psychology},
	author = {Roe, Robert A.},
	year = {2008},
	month = {01},
	date = {2008-01},
	journal = {European Psychologist},
	pages = {37--52},
	volume = {13},
	number = {1},
	doi = {10.1027/1016-9040.13.1.37},
	url = {http://dx.doi.org/10.1027/1016-9040.13.1.37},
	langid = {en}
}

@article{collins2002,
	title = {The effect of the timing and spacing of observations in longitudinal studies of tobacco and other drug use: Temporal design considerations},
	author = {Collins, Linda M and Graham, John W},
	year = {2002},
	month = {11},
	date = {2002-11},
	journal = {Drug and Alcohol Dependence},
	pages = {85--96},
	volume = {68},
	doi = {10.1016/s0376-8716(02)00217-x},
	url = {http://dx.doi.org/10.1016/s0376-8716(02)00217-x},
	langid = {en}
}

@article{cudeck2007,
	title = {Analysis of nonlinear patterns of change with random coefficient models},
	author = {Cudeck, Robert and Harring, Jeffrey R.},
	year = {2007},
	month = {01},
	date = {2007-01},
	journal = {Annual Review of Psychology},
	pages = {615--637},
	volume = {58},
	number = {1},
	doi = {10.1146/annurev.psych.58.110405.085520},
	url = {http://www.annualreviews.org/doi/10.1146/annurev.psych.58.110405.085520},
	langid = {en}
}

@article{serang2016,
	title = {Estimation of time-unstructured nonlinear mixed-effects mixture models},
	author = {Serang, Sarfaraz and Grimm, Kevin J. and McArdle, John J.},
	year = {2016},
	month = {07},
	date = {2016-07-01},
	journal = {Structural Equation Modeling: A Multidisciplinary Journal},
	pages = {856--869},
	volume = {23},
	number = {6},
	doi = {10.1080/10705511.2016.1197777},
	url = {http://dx.doi.org/10.1080/10705511.2016.1197777},
	langid = {en}
}


@article{timmons2015,
	title = {The importance of temporal design: How do measurement intervals affect the accuracy and efficiency of parameter estimates in longitudinal research?},
	author = {Timmons, A. C. and Preacher, K. J.},
	year = {2015},
	month = {01},
	date = {2015-01-02},
	journal = {Multivariate Behavioral Research},
	pages = {41--55},
	volume = {50},
	number = {1},
	doi = {10.1080/00273171.2014.961056},
	url = {http://dx.doi.org/10.1080/00273171.2014.961056},
	langid = {en}
}

@article{orourke2021,
	title = {The importance of time metric precision when implementing bivariate latent change score models},
	author = {{O{\textquoteright}Rourke}, Holly P. and Fine, Kimberly L. and Grimm, Kevin J. and MacKinnon, David P.},
	year = {2022},
	journal = {Multivariate Behavioral Research},
	volume = {57},
	number = {4},
	pages = {1--19},
	doi = {10.1080/00273171.2021.1874261},
	url = {http://dx.doi.org/10.1080/00273171.2021.1874261},
	langid = {en}
}

@article{miller2017,
	title = {The effect of sampling-time variation on latent growth curve models},
	author = {Miller, Matt L. and Ferrer, Emilio},
	year = {2017},
	month = {07},
	date = {2017-07-27},
	journal = {Structural Equation Modeling: A Multidisciplinary Journal},
	pages = {831--854},
	volume = {24},
	number = {6},
	doi = {10.1080/10705511.2017.1346476},
	url = {http://dx.doi.org/10.1080/10705511.2017.1346476},
	langid = {en}
}

@article{finch2017,
	title = {Investigation of parameter estimation accuracy for growth curve modeling with categorical indicators},
	author = {{Finch}, {W. Holmes}},
	year = {2017},
	month = {07},
	date = {2017-07-01},
	journal = {Methodology},
	pages = {98--112},
	volume = {13},
	number = {3},
	doi = {10.1027/1614-2241/a000134},
	url = {http://dx.doi.org/10.1027/1614-2241/a000134},
	langid = {en}
}

@thesis{coulombe2016b,
  author = {Coulombe,Patrick},
  year = {2016},
  title = {Partially and fully time-unstructured residual variance-covariance matrices in growth curve modeling: Consequences of ignoring variability in times of assessment},
  number = {10155460},
  publisher = {{ProQuest Dissertations and Theses Global}},
  titleaddon = {{Doctoral dissertation, University of New Mexico}},
  url = {https://bit.ly/3WDWzA4}
}


@article{newsom2020,
	title = {Performance of latent growth curve models with binary variables},
	author = {{Newsom}, {Jason T.} and {Smith}, {Nicholas A.}},
	year = {2020},
	month = {02},
	date = {2020-02-12},
	journal = {Structural Equation Modeling: A Multidisciplinary Journal},
	pages = {888--907},
	volume = {27},
	number = {6},
	doi = {10.1080/10705511.2019.1705825},
	url = {http://dx.doi.org/10.1080/10705511.2019.1705825},
	langid = {en}
}

@article{fine2020,
	title = {Examination of nonlinear and functional mixed-effects models with nonparametrically generated data},
	author = {{Fine}, {Kimberly L.} and {Grimm}, {Kevin J.}},
	year = {2020},
	month = {04},
	date = {2020-04-22},
	journal = {Multivariate Behavioral Research},
	pages = {1--18},
	doi = {10.1080/00273171.2020.1754746},
	url = {http://dx.doi.org/10.1080/00273171.2020.1754746},
	langid = {en}
}

@article{wu2014,
	title = {Using design-based latent growth curve modeling with cluster-level predictor to address dependency},
	author = {{Wu },Jiun-Yu and {Kwok},Oi-Man and {Willson},Victor},
	year = {2014},
	month = {03},
	date = {2014-03-27},
	journal = {The Journal of Experimental Education},
	pages = {431--454},
	volume = {82},
	number = {4},
	doi = {10.1080/00220973.2013.876226},
	url = {http://dx.doi.org/10.1080/00220973.2013.876226},
	langid = {en}
}

@article{ye2016,
	title = {Latent growth curve analysis with dichotomous items: Comparing four approaches},
	author = {{Ye}, {Feifei}},
	year = {2016},
	month = {06},
	date = {2016-06-07},
	journal = {British Journal of Mathematical and Statistical Psychology},
	pages = {43--61},
	volume = {69},
	number = {1},
	doi = {10.1111/bmsp.12058},
	url = {http://dx.doi.org/10.1111/bmsp.12058},
	langid = {en}
}

@article{gasimova2014,
	title = {A Hierarchical bayesian model with correlated residuals for investigating stability and change in intensive longitudinal data settings},
	author = {{Gasimova}, {Fidan} and {Robitzsch}, {Alexander} and {Wilhelm}, {Oliver} and {Hülür}, {Gizem}},
	year = {2014},
	month = {01},
	date = {2014-01-01},
	journal = {Methodology},
	pages = {126--137},
	volume = {10},
	number = {4},
	doi = {10.1027/1614-2241/a000083},
	url = {http://dx.doi.org/10.1027/1614-2241/a000083},
	langid = {en}
}

@article{murphy2011,
	title = {The effects of autocorrelation on the curve-of-factors growth model},
	author = {{Murphy}, {Daniel L.} and {Beretvas}, {S. Natasha} and {Pituch}, {Keenan A.}},
	year = {2011},
	month = {06},
	date = {2011-06-30},
	journal = {Structural Equation Modeling: A Multidisciplinary Journal},
	pages = {430--448},
	volume = {18},
	number = {3},
	doi = {10.1080/10705511.2011.582399},
	url = {http://dx.doi.org/10.1080/10705511.2011.582399},
	langid = {en}
}

@article{liu2015,
	title = {The effects of individually varying times of observations on growth parameter estimations in piecewise growth model},
	author = {{Liu}, {Yuan} and {Liu}, {Hongyun} and {Li}, {Hang} and {Zhao}, {Qian}},
	year = {2015},
	month = {03},
	date = {2015-03-05},
	journal = {Journal of Applied Statistics},
	pages = {1843--1860},
	volume = {42},
	number = {9},
	doi = {10.1080/02664763.2015.1014884},
	url = {http://dx.doi.org/10.1080/02664763.2015.1014884},
	langid = {en}
}

@article{aydin2014,
	title = {The Consequences of ignoring variability in measurement occasions within data collection waves in latent growth ,odels},
	author = {Aydin, Burak and Leite, Walter L. and Algina, James},
	year = {2014},
	month = {03},
	date = {2014-03},
	journal = {Multivariate Behavioral Research},
	pages = {149--160},
	volume = {49},
	number = {2},
	doi = {10.1080/00273171.2014.887901},
	url = {http://dx.doi.org/10.1080/00273171.2014.887901},
	langid = {en}
}

@article{bauer2003,
	title = {Estimating multilevel linear models as structural equation models},
	author = {Bauer, Daniel J.},
	year = {2003},
	month = {06},
	date = {2003-06},
	journal = {Journal of Educational and Behavioral Statistics},
	pages = {135--167},
	volume = {28},
	number = {2},
	doi = {10.3102/10769986028002135},
	url = {http://dx.doi.org/10.3102/10769986028002135},
	langid = {en}
}

@article{curran2003,
	title = {Have multilevel models been structural equation Mldels all along?},
	author = {Curran, Patrick J.},
	year = {2003},
	month = {10},
	date = {2003-10},
	journal = {Multivariate Behavioral Research},
	pages = {529--569},
	volume = {38},
	number = {4},
	doi = {10.1207/s15327906mbr3804_5},
	url = {http://dx.doi.org/10.1207/s15327906mbr3804_5},
	langid = {en}
}

@article{mcneish2018,
	title = {Differentiating between mixed-effects and latent-curve approaches to growth modeling},
	author = {McNeish, Daniel and Matta, Tyler},
	year = {2018},
	month = {10},
	date = {2017-10-24},
	journal = {Behavior Research Methods},
	pages = {1398--1414},
	volume = {50},
	number = {4},
	doi = {10.3758/s13428-017-0976-5},
	url = {http://dx.doi.org/10.3758/s13428-017-0976-5},
	langid = {en}
}

@article{bosco2015,
	title = {Correlational effect size benchmarks},
	author = {Bosco, Frank A. and Aguinis, Herman and Singh, Kulraj and Field, James G. and Pierce, Charles A.},
	year = {2015},
	month = {03},
	date = {2015-03},
	journal = {Journal of Applied Psychology},
	pages = {431--449},
	volume = {100},
	number = {2},
	doi = {10.1037/a0038047},
	url = {http://dx.doi.org/10.1037/a0038047},
	langid = {en}
}

@book{borenstein2009,
author = {Borenstein, Michael and Hedges, Larry V. and Higgins, Julian P. T. and Rothstein, Hannah R.},
booktitle = {Introduction to meta-analysis},
doi = {10.1002/9780470743386.ch7},
edition = {1st},
isbn = {9780470057247},
publisher = {John Wiley {\&} Sons},
year = {2009}
}

@article{cole2014,
	title = {Manifest variable path analysis: Potentially serious and misleading consequences due to uncorrected measurement error.},
	author = {Cole, David A. and Preacher, Kristopher J.},
	year = {2014},
	date = {2014},
	journal = {Psychological Methods},
	pages = {300--315},
	volume = {19},
	number = {2},
	doi = {10.1037/a0033805},
	url = {http://dx.doi.org/10.1037/a0033805},
	langid = {en}
}

@article{pan2010,
	title = {Online travel surveys and response patterns},
	author = {Pan, Bing},
	year = {2010},
	month = {05},
	date = {2010-05-19},
	journal = {Journal of Travel Research},
	pages = {121--135},
	volume = {49},
	number = {1},
	doi = {10.1177/0047287509336467},
	url = {http://dx.doi.org/10.1177/0047287509336467},
	langid = {en}
}

@book{dillman2014,
  title={Internet, phone, mail, and mixed-mode surveys: The tailored design method},
  author={Dillman, Don A and Smyth, Jolene D and Christian, Leah Melani},
  year={2014},
  url = {https://bit.ly/3i20CHB},
  publisher={John Wiley \& Sons}
}

@article{halford2005,
	title = {How many variables can humans process?},
	author = {Halford, Graeme S. and Baker, Rosemary and McCredden, Julie E. and Bain, John D.},
	year = {2005},
	month = {01},
	date = {2005-01},
	journal = {Psychological Science},
	pages = {70--76},
	volume = {16},
	number = {1},
	doi = {10.1111/j.0956-7976.2005.00782.x},
	url = {http://dx.doi.org/10.1111/j.0956-7976.2005.00782.x},
	langid = {en}
}

@Manual{rstudio,
title = {RStudio: Integrated development environment for R},
author = {{RStudio Team}},
organization = {RStudio, PBC.},
address = {Boston, MA}, year = {2020},
url = {http://www.rstudio.com/}, }

@article{grimm2010,
	title = {Nonlinear structured growth mixture ,odels in MPlusand OpenMx},
	author = {Grimm, Kevin J. and Ram, Nilam and Estabrook, Ryne},
	year = {2010},
	month = {11},
	date = {2010-11-30},
	journal = {Multivariate Behavioral Research},
	pages = {887--909},
	volume = {45},
	number = {6},
	doi = {10.1080/00273171.2010.531230},
	url = {http://dx.doi.org/10.1080/00273171.2010.531230},
	langid = {en}
}

@article{preacher2015,
	title = {Meaningful aspects of change as novel random coefficients: A general method for reparameterizing longitudinal models},
	author = {Preacher, Kristopher J and Hancock, Gregory R},
	year = {2015},
	date = {2015},
	journal = {Psychological Methods},
	pages = {84--101},
	volume = {20},
	number = {1},
	doi = {10.1037/met0000028},
	url = {http://dx.doi.org/10.1037/met0000028},
	langid = {en}
}

@inbook{browne1991,
	title = {Models for learning data},
	booktitle = {Best methods for the analysis of change: Recent advances, unanswered questions, future directions},
	author = {Browne, M W and du Toit, S H C},
	editor = {Collins, L. M. and Horn, J. L.},
	year = {1991},
	date = {1991},
	publisher = {American Psychological Association},
	pages = {47--68},
	doi = {10.1037/10099-004},
	url = {http://dx.doi.org/10.1037/10099-004}
}


@thesis{stockdale2007,
  author={Stockdale, Gary D},
  year = {2007},
  title= {Factors affecting goodness of fit of the quasi-simplex, linear growth curve, and latent difference score models to oppositive data structures: A simulation study},
   type = {Doctoral dissertation, {University of California}},
  number = {3303209},
  publisher = {{ProQuest Dissertations and Theses Global.}},
  url = {https://bit.ly/3CBSzIH}
}

@thesis{tiberio2008,
  author={Tiberio, Stacey S},
  year={2008},
  title={The effects of misspecified measurement intervals in multivariate latent differential equation models},
  number = {3441759},
  type = {Doctoral dissertation, {University of Notre Dame}},
  publisher={{ProQuest Dissertations and Theses Global.}},
  url = {https://bit.ly/3Z3EjSe}
}

@article{lawrence2001,
	title = {The temporal dynamics of institutionalization},
	author = {Lawrence, Thomas B. and Winn, Monika I. and Jennings, P. Devereaux},
	year = {2001},
	month = {10},
	date = {2001-10},
	journal = {Academy of Management Review},
	pages = {624--644},
	volume = {26},
	number = {4},
	doi = {10.5465/amr.2001.5393901},
	url = {http://dx.doi.org/10.5465/amr.2001.5393901},
	langid = {en}
}

@article{chonko2000,
  title={Sales performance: Timing of measurement and type of measurement make a difference},
  author={Chonko, Lawrence B and Loe, Terry N and Roberts, James A and Tanner, John F},
  journal={Journal of Personal Selling \& Sales Management},
  volume={20},
  number={1},
  pages={23--36},
  year={2000},
  publisher={Taylor \& Francis}
}

@article{leys2013,
	title = {Detecting outliers: Do not use standard deviation around the mean, use absolute deviation around the median},
	author = {Leys, Christophe and Ley, Christophe and Klein, Olivier and Bernard, Philippe and Licata, Laurent},
	year = {2013},
	month = {07},
	date = {2013-07},
	journal = {Journal of Experimental Social Psychology},
	pages = {764--766},
	volume = {49},
	number = {4},
	doi = {10.1016/j.jesp.2013.03.013},
	url = {http://dx.doi.org/10.1016/j.jesp.2013.03.013},
	langid = {en}
}

@book{loehlin2017,
	title = {Latent variable models},
	author = {Loehlin, John C. and Beaujean, A. Alexander},
	year = {2017},
	publisher = {Routledge},
	doi = {10.4324/9781315643199},
	url = {http://dx.doi.org/10.4324/9781315643199}
}

@article{okada2013,
	title = {Is omega squared less biased? A Ccmparison of three major effect size indices in one-way anova},
	author = {Okada, Kensuke},
	year = {2013},
	month = {07},
	date = {2013-07},
	journal = {Behaviormetrika},
	pages = {129--147},
	volume = {40},
	number = {2},
	doi = {10.2333/bhmk.40.129},
	url = {http://dx.doi.org/10.2333/bhmk.40.129},
	langid = {en}
}

@article{yigit2018,
	title = {Which effect size measure is appropriate for one-way and two-way ANOVA models? A {Monte Carlo} simulation study},
	author = {Yigit, Soner and Mendes, Mehmet},
	year = {2018},
	month = {07},
	date = {2018-07},
	journal = {Statistical Journal},
	pages = {295--313},
	volume = {16},
	number = {3},
	doi = {10.2333/bhmk.40.129},
	langid = {en}
}

@article{brown1974,
	title = {Robust tests for the equality of variances},
	author = {Brown, Morton B. and Forsythe, Alan B.},
	year = {1974},
	month = {06},
	date = {1974-06},
	journal = {Journal of the American Statistical Association},
	pages = {364--367},
	volume = {69},
	number = {346},
	doi = {10.1080/01621459.1974.10482955},
	url = {http://dx.doi.org/10.1080/01621459.1974.10482955},
	langid = {en}
}

@article{maccallum1997,
	title = {Studying multivariate change using multilevel models and latent curve models},
	author = {MacCallum, Robert C. and Kim, Cheongtag and Malarkey, William B. and Kiecolt-Glaser, Janice K.},
	year = {1997},
	month = {07},
	date = {1997-07},
	journal = {Multivariate Behavioral Research},
	pages = {215--253},
	volume = {32},
	number = {3},
	doi = {10.1207/s15327906mbr3203_1},
	url = {http://dx.doi.org/10.1207/s15327906mbr3203_1},
	langid = {en}
}

@book{preacher2008,
	title = {Latent growth curve modeling},
	author = {Preacher, Kristopher and Wichman, Aaron and MacCallum, Robert and Briggs, Nancy},
	year = {2008},
	date = {2008},
	publisher = {SAGE Publications},
	doi = {10.4135/9781412984737},
	url = {http://dx.doi.org/10.4135/9781412984737}
}

@article{meredith1990,
	title = {Latent curve analysis},
	author = {Meredith, William and Tisak, John},
	year = {1990},
	month = {03},
	date = {1990-03},
	journal = {Psychometrika},
	pages = {107--122},
	volume = {55},
	number = {1},
	doi = {10.1007/bf02294746},
	url = {http://dx.doi.org/10.1007/BF02294746},
	langid = {en}
}

@incollection{browne1993,
	title = {Structured latent curve models},
	author = {Browne, M W},
	editor = {Cuadras, C M and Rao, C R},
	booktitle = {Multivariate analysis: Future directions 2},
	edition = 1,
	pages = {171--197},
	publisher = {Elsevier},
	year = {1993},
	doi = {10.1016/B978-0-444-81531-6.50016-7}
}

@article{shapiro1987,
	title = {Analysis of covariance structures under elliptical distributions},
	author = {Shapiro, Alexander and Browne, Michael W},
	year = {1987},
	month = {12},
	date = {1987-12},
	journal = {Journal of the American Statistical Association},
	pages = {1092--1097},
	volume = {82},
	number = {400},
	doi = {10.1080/01621459.1987.10478544},
	url = {http://dx.doi.org/10.1080/01621459.1987.10478544},
	langid = {en}
}

@article{blozis2004,
	title = {Structured latent curve models for the study of change in multivariate repeated measures},
	author = {Blozis, Shelley A.},
	year = {2004},
	date = {2004},
	journal = {Psychological Methods},
	pages = {334--353},
	volume = {9},
	number = {3},
	doi = {10.1037/1082-989x.9.3.334},
	url = {http://dx.doi.org/10.1037/1082-989X.9.3.334},
	langid = {en}
}

@article{kraft1994,
	title = {Algorithm 733: TOMP{\textendash}Fortran modules for optimal control calculations},
	author = {Kraft, Dieter},
	year = {1994},
	month = {09},
	date = {1994-09},
	journal = {ACM Transactions on Mathematical Software},
	pages = {262--281},
	volume = {20},
	number = {3},
	doi = {10.1145/192115.192124},
	url = {http://dx.doi.org/10.1145/192115.192124},
	langid = {en}
}


@book{boker2020,
  title={OpenMx user guide release 2.18.1},
  author={Boker, Steven M and Neale, Michael C and Maes, Hermine H and Wilde, Michael J and Spiegel, Michael and Brick, Timothy R and Estabrook, Ryne and Bates, Timothy C and Mehta, Paras and von Oertzen, Timo and Gore, Ross J and Hunter, Michael D and Hackett, Daniel C and Karch, Julian and Brandmaier, Andreas and Pritikin, Joshua N and Zahery, Mahsa and Kirkpatrick, Robert M},
  year={2020},
  date = {2020-08}
  }

@article{lakens2018,
	title = {Equivalence testing for psychological research: A tutorial},
	author = {Lakens, {Daniël} and Scheel, Anne M. and Isager, Peder M.},
	year = {2018},
	month = {06},
	date = {2018-06},
	journal = {Advances in Methods and Practices in Psychological Science},
	pages = {259--269},
	volume = {1},
	number = {2},
	doi = {10.1177/2515245918770963},
	url = {http://dx.doi.org/10.1177/2515245918770963},
	langid = {en}
}

@article{zaheer1999,
	title = {Time scales and organizational theory},
	author = {Zaheer, Srilata and Albert, Stuart and Zaheer, Akbar},
	year = {1999},
	month = {10},
	date = {1999-10},
	journal = {Academy of Management Review},
	pages = {725--741},
	volume = {24},
	number = {4},
	doi = {10.5465/amr.1999.2553250},
	url = {http://dx.doi.org/10.5465/amr.1999.2553250},
	langid = {en}
}

@article{ployhart2010,
	title = {Longitudinal research: The theory, design, and analysis of change},
	author = {Ployhart, Robert E. and Vandenberg, Robert J.},
	year = {2010},
	month = {12},
	date = {2010-12-28},
	journal = {Journal of Management},
	pages = {94--120},
	volume = {36},
	number = {1},
	doi = {10.1177/0149206309352110},
	url = {http://dx.doi.org/10.1177/0149206309352110},
	langid = {en}
}

@article{sonnentag2012,
  title={Time in organizational research: Catching up on a long neglected topic in order to improve theory},
  author={Sonnentag, Sabine},
  year={2012},
  journal={Organizational Psychology Review},
  volume={2},
  number={4},
  pages={361--368},
  doi = {10.1177/2041386612442079},
}

@article{fisher2008,
	title = {What if we took within-person variability seriously?},
	author = {Fisher, Cynthia D},
	year = {2008},
	month = {06},
	date = {2008-06},
	journal = {Industrial and Organizational Psychology},
	pages = {185--189},
	volume = {1},
	number = {2},
	doi = {10.1111/j.1754-9434.2008.00036.x},
	url = {http://dx.doi.org/10.1111/j.1754-9434.2008.00036.x},
	langid = {en}
}

@article{dalal2014,
	title = {Within-person variability in job performance},
	author = {Dalal, Reeshad S. and Bhave, Devasheesh P. and Fiset, John},
	year = {2014},
	month = {04},
	date = {2014-04-28},
	journal = {Journal of Management},
	pages = {1396--1436},
	volume = {40},
	number = {5},
	doi = {10.1177/0149206314532691},
	url = {http://dx.doi.org/10.1177/0149206314532691},
	langid = {en}
}

@article{roe2014,
	title = {Test validity from a temporal perspective: Incorporating time in validation research},
	author = {Roe, Robert A.},
	year = {2014},
	month = {06},
	date = {2014-06-27},
	journal = {European Journal of Work and Organizational Psychology},
	pages = {754--768},
	volume = {23},
	number = {5},
	doi = {10.1080/1359432x.2013.804177},
	url = {http://dx.doi.org/10.1080/1359432X.2013.804177},
	langid = {en}
}

@article{roe2012,
	title = {Time and change in teams: Where we are and where we are moving},
	author = {Roe, Robert A. and Gockel, Christine and Meyer, Bertolt},
	year = {2012},
	month = {10},
	date = {2012-10},
	journal = {European Journal of Work and Organizational Psychology},
	pages = {629--656},
	volume = {21},
	number = {5},
	doi = {10.1080/1359432x.2012.729821},
	url = {http://dx.doi.org/10.1080/1359432X.2012.729821},
	langid = {en}
}

@article{fried2004,
	title = {Enriching goal-setting theory with time: An integrated approach},
	author = {Fried, Yitzhak and Slowik, Linda Haynes},
	year = {2004},
	month = {07},
	date = {2004-07},
	journal = {Academy of Management Review},
	pages = {404--422},
	volume = {29},
	number = {3},
	doi = {10.5465/amr.2004.13670973},
	url = {http://dx.doi.org/10.5465/amr.2004.13670973},
	langid = {en}
}

@article{navarro2015,
	title = {Taking time seriously: Changing practices and perspectives in work/organizational psychology},
	author = {Navarro, {José} and Roe, Robert A. and Artiles, {María I.}},
	year = {2015},
	month = {12},
	date = {2015-12},
	journal = {Journal of Work and Organizational Psychology},
	pages = {135--145},
	volume = {31},
	number = {3},
	doi = {10.1016/j.rpto.2015.07.002},
	url = {http://dx.doi.org/10.1016/j.rpto.2015.07.002},
	langid = {en}
}



@article{kunisch2017,
	title = {Time in strategic change research},
	author = {Kunisch, Sven and Bartunek, Jean M. and Mueller, Johanna and Huy, Quy N.},
	year = {2017},
	month = {06},
	date = {2017-06},
	journal = {Academy of Management Annals},
	pages = {1005--1064},
	volume = {11},
	number = {2},
	doi = {10.5465/annals.2015.0133},
	url = {http://dx.doi.org/10.5465/annals.2015.0133},
	langid = {en}
}

@article{aguinis2021,
  title={Time is of the essence: Improving the conceptualization and measurement of time},
  author={Aguinis, Herman and Bakker, Rene M},
  journal={Human Resource Management Review},
  volume={31},
  number={2},
  pages={100763},
  year={2021},
  doi = {10.1016/j.hrmr.2020.100763},
  publisher={Elsevier}
}

@article{shipp2015,
	title = {Time in individual-level organizational studies: What is it, how is it used, and why isn{\textquoteright}t it exploited more often?},
	author = {Shipp, Abbie J. and Cole, Michael S.},
	year = {2015},
	month = {04},
	date = {2015-04-10},
	journal = {Annual Review of Organizational Psychology and Organizational Behavior},
	pages = {237--260},
	volume = {2},
	number = {1},
	doi = {10.1146/annurev-orgpsych-032414-111245},
	url = {http://dx.doi.org/10.1146/annurev-orgpsych-032414-111245},
	langid = {en}
}

@inproceedings{roe2014b,
  author = {Roe, Robert A.},
  year = {2014, September 22–26},
  month = {September 22--26},
  title = {The representation of time in psychological research on air pilots and air traffic controllers. {In A. Droog (Chair), \emph{Aviation psychology: Facilitating change(s)} [Symposium]}},
  booktitle={\emph{Proceedings of the 31st EAAP Conference, Valetta, Malta}},
}


@article{maxwell2007,
	title = {Bias in cross-sectional analyses of longitudinal mediation},
	author = {Maxwell, Scott E. and Cole, David A.},
	year = {2007},
	date = {2007},
	journal = {Psychological Methods},
	pages = {23--44},
	volume = {12},
	number = {1},
	doi = {10.1037/1082-989x.12.1.23},
	url = {http://dx.doi.org/10.1037/1082-989X.12.1.23},
	langid = {en}
}

@book{petersen1983,
	title = {Ergodic theory},
	author = {Petersen, Karl E.},
	publisher = {Cambridge University Press},
	year = {1983},
	month = {05},
	date = {1983-05-12},
	doi = {10.1017/cbo9780511608728},
	url = {http://dx.doi.org/10.1017/CBO9780511608728}
}

@book{preacher2008,
	title = {Latent growth curve modeling},
	author = {Preacher, Kristopher and Wichman, Aaron and MacCallum, Robert and Briggs, Nancy},
	year = {2008},
	date = {2008},
	publisher = {SAGE Publications},
	doi = {10.4135/9781412984737},
	url = {http://dx.doi.org/10.4135/9781412984737}
}

@article{molenaar2004,
	title = {A manifesto on psychology as idiographic science: Bringing the person back into scientific psychology, this time forever},
	author = {Molenaar, Peter C. M.},
	year = {2004},
	month = {10},
	date = {2004-10},
	journal = {Measurement: Interdisciplinary Research & Perspective},
	pages = {201--218},
	volume = {2},
	number = {4},
	doi = {10.1207/s15366359mea0204_1},
	url = {http://dx.doi.org/10.1207/s15366359mea0204_1},
	langid = {en}
}

@article{molenaar2009,
	title = {The new person-specific paradigm in psychology},
	author = {Molenaar, Peter C.M. and Campbell, Cynthia G.},
	year = {2009},
	month = {04},
	date = {2009-04},
	journal = {Current Directions in Psychological Science},
	pages = {112--117},
	volume = {18},
	number = {2},
	doi = {10.1111/j.1467-8721.2009.01619.x},
	url = {http://dx.doi.org/10.1111/j.1467-8721.2009.01619.x},
	langid = {en}
}

@article{wang2015,
	title = {On disaggregating between-person and within-person effects with longitudinal data using multilevel models.},
	author = {Wang, {Lijuan (Peggy)} and Maxwell, Scott E.},
	year = {2015},
	date = {2015},
	journal = {Psychological Methods},
	pages = {63--83},
	volume = {20},
	number = {1},
	doi = {10.1037/met0000030},
	url = {http://dx.doi.org/10.1037/met0000030},
	langid = {en}
}

@article{curran2011,
	title = {The disaggregation of within-person and between-person effects in longitudinal models of change},
	author = {Curran, Patrick J. and Bauer, Daniel J.},
	year = {2011},
	month = {01},
	date = {2011-01-10},
	journal = {Annual Review of Psychology},
	pages = {583--619},
	volume = {62},
	number = {1},
	doi = {10.1146/annurev.psych.093008.100356},
	url = {http://dx.doi.org/10.1146/annurev.psych.093008.100356},
	langid = {en}
}

@article{miraglia2015,
	title = {Trajectory classes of job performance},
	author = {Miraglia, Mariella and Alessandri, Guido and Borgogni, Laura},
	year = {2015},
	month = {08},
	date = {2015-08-10},
	journal = {Career Development International},
	pages = {424--442},
	volume = {20},
	number = {4},
	doi = {10.1108/cdi-03-2015-0032},
	url = {http://dx.doi.org/10.1108/CDI-03-2015-0032},
	langid = {en}
}

@article{magee2016,
	title = {Distinct longitudinal patterns of absenteeism and their antecedents in full-time Australian employees.},
	author = {Magee, Christopher A. and Caputi, Peter and Lee, Jeong Kyu},
	year = {2016},
	month = {01},
	date = {2016-01},
	journal = {Journal of Occupational Health Psychology},
	pages = {24--36},
	volume = {21},
	number = {1},
	doi = {10.1037/a0039138},
	url = {http://dx.doi.org/10.1037/a0039138},
	langid = {en}
}

@article{day2011,
	title = {Longitudinal tests of an integrative model of leader development: Charting and understanding developmental trajectories},
	author = {Day, David V. and Sin, Hock-Peng},
	year = {2011},
	month = {06},
	date = {2011-06},
	journal = {The Leadership Quarterly},
	pages = {545--560},
	volume = {22},
	number = {3},
	doi = {10.1016/j.leaqua.2011.04.011},
	url = {http://dx.doi.org/10.1016/j.leaqua.2011.04.011},
	langid = {en}
}

@article{igic2017,
	title = {Ten-year trajectories of stressors and resources at work: Cumulative and chronic effects on health and well-being.},
	author = {Igic, Ivana and Keller, Anita C. and Elfering, Achim and Tschan, Franziska and {Kälin}, Wolfgang and Semmer, Norbert K.},
	year = {2017},
	month = {09},
	date = {2017-09},
	journal = {Journal of Applied Psychology},
	pages = {1317--1343},
	volume = {102},
	number = {9},
	doi = {10.1037/apl0000225},
	url = {http://dx.doi.org/10.1037/apl0000225},
	langid = {en}
}

@article{cole2014,
  title={Manifest variable path analysis: potentially serious and misleading consequences due to uncorrected measurement error.},
  author={Cole, David A. and Preacher, Kristopher J},
  journal={Psychological methods},
  volume={19},
  number={2},
  pages={300},
  year={2014},
  publisher={American Psychological Association}
}

@article{kenny2014,
	title = {Power anomalies in testing mediation},
	author = {Kenny, David A. and Judd, Charles M.},
	year = {2014},
	month = {12},
	journal = {Psychological Science},
	pages = {334--339},
	volume = {25},
	number = {2},
	doi = {10.1177/0956797613502676},
	url = {http://dx.doi.org/10.1177/0956797613502676},
	langid = {en}
}

@article{fisher2018,
	title = {Lack of group-to-individual generalizability is a threat to human subjects research},
	author = 	{Fisher, Aaron J. and Medaglia, John D. and Jeronimus, Bertus F.},
	year = {2018},
	month = {06},
	date = {2018-06-18},
	journal = {Proceedings of the National Academy of Sciences},
	volume = {115},
	number = {27},
	doi = {10.1073/pnas.1711978115},
	url = {http://dx.doi.org/10.1073/pnas.1711978115},
	langid = {en}
}

@article{voelkle2014,
	title = {Toward a unified framework for the study of between-person and within-person structures: Building a bridge between two research paradigms},
	author = {Voelkle, Manuel C. and Brose, Annette and Schmiedek, Florian and Lindenberger, Ulman},
	year = {2014},
	month = {05},
	date = {2014-05-04},
	journal = {Multivariate Behavioral Research},
	pages = {193--213},
	volume = {49},
	number = {3},
	doi = {10.1080/00273171.2014.889593},
	url = {http://dx.doi.org/10.1080/00273171.2014.889593},
	langid = {en}
}

@article{spector2019,
	title = {Do not cross me: Optimizing the use of cross-sectional designs},
	author = {Spector, Paul E.},
	year = {2019},
	month = {01},
	date = {2019-01-07},
	journal = {Journal of Business and Psychology},
	pages = {125--137},
	volume = {34},
	number = {2},
	doi = {10.1007/s10869-018-09613-8},
	url = {http://dx.doi.org/10.1007/s10869-018-09613-8},
	langid = {en}
}

@article{adolf2019,
	title = {Ergodicity is sufficient but not necessary for group-to-individual generalizability},
	author = {Adolf, Janne K. and Fried, Eiko I.},
	year = {2019},
	month = {03},
	date = {2019-03-14},
	journal = {Proceedings of the National Academy of Sciences},
	pages = {6540--6541},
	volume = {116},
	number = {14},
	doi = {10.1073/pnas.1818675116},
	url = {http://dx.doi.org/10.1073/pnas.1818675116},
	langid = {en}
}

@article{medaglia2019,
	title = {Reply to Adolf and Fried: Conditional equivalence and imperatives for person-level science},
	author = {Medaglia, John D. and Jeronimus, Bertus F. and Fisher, Aaron J.},
	year = {2019},
	month = {03},
	date = {2019-03-14},
	journal = {Proceedings of the National Academy of Sciences},
	pages = {6542--6543},
	volume = {116},
	number = {14},
	doi = {10.1073/pnas.1820221116},
	url = {http://dx.doi.org/10.1073/pnas.1820221116},
	langid = {en}
}

@inbook{molenaar2008,
	title = {Consequences of the ergodic theorems for classical test theory, factor analysis, and the analysis of developmental processes},
	author = {Molenaar, Peter C. M.},
	year = {2008},
	date = {2008},
	publisher = {SAGE Publications},
	pages = {90--104},
	doi = {10.4135/9781412976589.n5},
	url = {http://dx.doi.org/10.4135/9781412976589.n5}
}

@article{birkhoff1931,
	title = {Proof of the ergodic theorem},
	author = {Birkhoff, George D.},
	year = {1931},
	month = {12},
	date = {1931-12},
	journal = {Proceedings of the National Academy of Sciences},
	pages = {656--660},
	volume = {17},
	number = {12},
	doi = {10.1073/pnas.17.2.656},
	url = {http://dx.doi.org/10.1073/pnas.17.2.656},
	langid = {en}
}

@book{choe2005,
	title = {Computational ergodic theory},
	author = {Choe, Choe Ho},
	year = {2005},
	publisher = {Springer-Verlag},
	doi = {10.1007/b138894},
	url = {http://dx.doi.org/10.1007/b138894}
}

@incollection{hamaker2012,
  author={Hamaker, Ellen L},
  year={2012},
  title={Why researchers should think ``within-person": A paradigmatic rationale},
  editor = {Mehl, Matthias R. and Conner, Tamlin S},
	booktitle = {Handbook of studying research methods for daily life},
	pages = {43--61},
	publisher = {The Guilford Press},
 url = {https://bit.ly/3jxfq14}
}


@article{nixon2011,
	title = {Can work make you sick? A meta-analysis of the relationships between job stressors and physical symptoms},
	author = {Nixon, Ashley E. and Mazzola, Joseph J. and Bauer, Jeremy and Krueger, Jeremy R. and Spector, Paul E.},
	year = {2011},
	month = {01},
	date = {2011-01},
	journal = {Work & Stress},
	pages = {1--22},
	volume = {25},
	number = {1},
	doi = {10.1080/02678373.2011.569175},
	url = {http://dx.doi.org/10.1080/02678373.2011.569175},
	langid = {en}
}

@article{simpson1951,
	title = {The interpretation of interaction in contingency tables},
	author = {Simpson, E. H.},
	year = {1951},
	month = {07},
	date = {1951-07},
	journal = {Journal of the Royal Statistical Society: Series B (Methodological)},
	pages = {238--241},
	volume = {13},
	number = {2},
	doi = {10.1111/j.2517-6161.1951.tb00088.x},
	url = {http://dx.doi.org/10.1111/j.2517-6161.1951.tb00088.x},
	langid = {en}
}

@article{maxwell2011,
	title = {Bias in cross-sectional analyses of longitudinal mediation: Partial and complete mediation under an autoregressive model},
	author = {Maxwell, Scott E. and Cole, David A. and Mitchell, Melissa A.},
	year = {2011},
	month = {09},
	date = {2011-09-30},
	journal = {Multivariate Behavioral Research},
	pages = {816--841},
	volume = {46},
	number = {5},
	doi = {10.1080/00273171.2011.606716},
	url = {http://dx.doi.org/10.1080/00273171.2011.606716},
	langid = {en}
}

@article{olaughlin2018,
	title = {Cross-sectional analysis of longitudinal mediation processes},
	author = {{O'Laughlin}, Kristine D. and Martin, Monica J. and Ferrer, Emilio},
	year = {2018},
	month = {04},
	date = {2018-04-06},
	journal = {Multivariate Behavioral Research},
	pages = {375--402},
	volume = {53},
	number = {3},
	doi = {10.1080/00273171.2018.1454822},
	url = {http://dx.doi.org/10.1080/00273171.2018.1454822},
	langid = {en}
}

@book{raudenbush2002,
  title={Hierarchical linear models: Applications and data analysis methods},
  author={Raudenbush, Stephen W and Bryk, Anthony S},
  volume={1},
  edition = {2},
  year={2002},
  publisher={SAGE Publications},
  url = {https://bit.ly/3FZbOww},
}

@article{wang2007,
	title = {Growth mixture modeling},
	author = {Mo Wang,  and Bodner, Todd E.},
	year = {2007},
	month = {07},
	date = {2007-07-06},
	journal = {Organizational Research Methods},
	pages = {635--656},
	volume = {10},
	number = {4},
	doi = {10.1177/1094428106289397},
	url = {http://dx.doi.org/10.1177/1094428106289397},
	langid = {en}
}

@incollection{ram2013,
	title = {Dynamic factor analysis: Modeling person-specific process},
	author = {Ram, Nilam and Brose, Annette and Molenaar, Peter C. M.},
	editor = {Little, Todd D.},
	booktitle = {The {Oxford} handbook of quantitative methods in psychology},
	volume = {2},
	year = {2013},
	pages = {441--457},
	month = {03},
	publisher = {Oxford University Press},
	doi = {10.1093/oxfordhb/9780199934898.013.0021},
	url = {http://dx.doi.org/10.1093/oxfordhb/9780199934898.013.0021}
}

@article{beal2015,
	title = {ESM 2.0: State of the art and future potential of experience sampling methods in organizational research},
	author = {Beal, Daniel J.},
	year = {2015},
	month = {04},
	date = {2015-04-10},
	journal = {Annual Review of Organizational Psychology and Organizational Behavior},
	pages = {383--407},
	volume = {2},
	number = {1},
	doi = {10.1146/annurev-orgpsych-032414-111335},
	url = {http://dx.doi.org/10.1146/annurev-orgpsych-032414-111335},
	langid = {en}
}

@article{hamaker2005,
	title = {Statistical modeling of the individual: Rationale and application of multivariate stationary time series analysis},
	author = {Hamaker, Ellen L. and Dolan, Conor V. and Molenaar, Peter C. M.},
	year = {2005},
	month = {04},
	date = {2005-04},
	journal = {Multivariate Behavioral Research},
	pages = {207--233},
	volume = {40},
	number = {2},
	doi = {10.1207/s15327906mbr4002_3},
	url = {http://dx.doi.org/10.1207/s15327906mbr4002_3},
	langid = {en}
}

@article{mitchell2013,
	title = {A comparison of the cross-sectional and sequential designs when assessing longitudinal mediation},
	author = {Melissa A. Mitchell and Scott E. Maxwell},
	year = {2013},
	month = {05},
	date = {2013-05},
	journal = {Multivariate Behavioral Research},
	pages = {301--339},
	volume = {48},
	number = {3},
	doi = {10.1080/00273171.2013.784696},
	url = {http://dx.doi.org/10.1080/00273171.2013.784696},
	langid = {en}
	}

@article{orne1962,
	title = {On the social psychology of the psychological experiment: With particular reference to demand characteristics and their implications.},
	author = {Orne, Martin T.},
	year = {1962},
	date = {1962},
	journal = {American Psychologist},
	pages = {776--783},
	volume = {17},
	number = {11},
	doi = {10.1037/h0043424},
	url = {http://dx.doi.org/10.1037/h0043424},
	langid = {en}
}

@article{podsakoff2003,
	title = {Common method biases in behavioral research: A critical review of the literature and recommended remedies.},
	author = {Podsakoff, Philip M. and MacKenzie, Scott B. and Lee, Jeong-Yeon and Podsakoff, Nathan P.},
	year = {2003},
	date = {2003},
	journal = {Journal of Applied Psychology},
	pages = {879--903},
	volume = {88},
	number = {5},
	doi = {10.1037/0021-9010.88.5.879},
	url = {http://dx.doi.org/10.1037/0021-9010.88.5.879},
	langid = {en}
}

@article{ostroff2002,
	title = {Substantive and operational issues of response bias across levels of analysis: An example of climate-satisfaction relationships.},
	author = {Ostroff, Cheri and Kinicki, Angelo J. and Clark, Mark A.},
	year = {2002},
	date = {2002},
	journal = {Journal of Applied Psychology},
	pages = {355--368},
	volume = {87},
	number = {2},
	doi = {10.1037/0021-9010.87.2.355},
	url = {http://dx.doi.org/10.1037/0021-9010.87.2.355},
	langid = {en}
}

@article{vandeschoot2012,
	title = {A checklist for testing measurement invariance},
	author = {van de Schoot, Rens and Lugtig, Peter and Hox, Joop},
	year = {2012},
	month = {07},
	date = {2012-07},
	journal = {European Journal of Developmental Psychology},
	pages = {486--492},
	volume = {9},
	number = {4},
	doi = {10.1080/17405629.2012.686740},
	url = {http://dx.doi.org/10.1080/17405629.2012.686740},
	langid = {en}
}

@article{enders2007,
	title = {Centering predictor variables in cross-sectional multilevel models: A new look at an old issue.},
	author = {Enders, Craig K. and Tofighi, Davood},
	year = {2007},
	date = {2007},
	journal = {Psychological Methods},
	pages = {121--138},
	volume = {12},
	number = {2},
	doi = {10.1037/1082-989x.12.2.121},
	url = {http://dx.doi.org/10.1037/1082-989X.12.2.121},
	langid = {en}
}

@article{boneau1960,
	title = {The effects of violations of assumptions underlying the \emph{t} test},
	author = {Boneau, C. Alan},
	year = {1960},
	month = {01},
	date = {1960-01},
	journal = {Psychological Bulletin},
	pages = {49--64},
	volume = {57},
	number = {1},
	doi = {10.1037/h0041412},
	url = {http://dx.doi.org/10.1037/h0041412},
	langid = {en}
}


@incollection{bergman1993,
	title = {General issues about data quality in longitudinal research},
	author = {Bergman, Lars and Magnusson, David},
	editor = {Bergman, Lars and Magnusson, David},
	booktitle = {Data quality in longitudinal research},
	year = {1990},
	pages = {1--31},
	publisher = {Cambridge University Press},
	url = {https://bit.ly/3i1CGny}
}

@article{grimm2010a,
	title = {Residual structures in latent growth curve modeling},
	author = {Grimm, Kevin and Widaman, Keith},
	year = {2010},
	month = {07},
	date = {2010-07},
	journal = {Structural Equation Modeling: A Multidisciplinary Journal},
	pages = {424--442},
	volume = {17},
	number = {3},
	doi = {10.1080/10705511.2010.489006},
	url = {http://dx.doi.org/10.1080/10705511.2010.489006},
	langid = {en}
}

@incollection{newman2008,
title = {Missing data techniques and low response rates: The role of systematic nonresponse parameters},
author = {Newman, Daniel A.},
	booktitle = {Statistical and methodological myths and urban legends: Doctrine, verity and fable in the organizational and social sciences},
	editor = {Lance, Charles E. and Vandenberg, Robert J},
	year = {2008},
	edtion = {1},
	publisher = {Routledge},
	pages = {7--36},
	doi = {10.4324/9780203867266},
	url = {http://dx.doi.org/10.4324/9780203867266}
}





@article{nederhof1985,
	title = {Methods of coping with social desirability bias: A review},
	author = {Nederhof, Anton J.},
	year = {1985},
	month = {07},
	date = {1985-07},
	journal = {European Journal of Social Psychology},
	pages = {263--280},
	volume = {15},
	number = {3},
	doi = {10.1002/ejsp.2420150303},
	url = {http://dx.doi.org/10.1002/ejsp.2420150303},
	langid = {en}
}

@article{whetten1989,
	title = {What constitutes a theoretical contribution?},
	author = {Whetten, David A.},
	year = {1989},
	month = {10},
	date = {1989-10},
	journal = {Academy of Management Review},
	pages = {490--495},
	volume = {14},
	number = {4},
	doi = {10.5465/amr.1989.4308371},
	url = {http://dx.doi.org/10.5465/amr.1989.4308371},
	langid = {en}
}

@article{baron1986,
	title = {The moderator{\textendash}mediator variable distinction in social psychological research: Conceptual, strategic, and statistical considerations.},
	author = {Baron, Reuben M. and Kenny, David A.},
	year = {1986},
	date = {1986},
	journal = {Journal of Personality and Social Psychology},
	pages = {1173--1182},
	volume = {51},
	number = {6},
	doi = {10.1037/0022-3514.51.6.1173},
	url = {http://dx.doi.org/10.1037/0022-3514.51.6.1173},
	langid = {en}
}

@incollection{mill2011,
	author = {Mill, J. S.},
booktitle = {A system of logic, tatiocinative and inductive: Being a connected view of the principles of evidence, and the methods of scientific investigation},
	title = {Of the law of universal causation},
	volume = {1},
	year = {2011},
	publisher = {Cambridge University Press. (Original work published in 1843)},
	pages = {392--424},
	doi = {10.1017/cbo9781139149839.021},
	url = {http://dx.doi.org/10.1017/CBO9781139149839.021}
}

@article{mehta2005,
	title = {People are variables too: Multilevel structural equations modeling.},
	author = {Mehta, Paras D. and Neale, Michael C.},
	year = {2005},
	month = {09},
	date = {2005-09},
	journal = {Psychological Methods},
	pages = {259--284},
	volume = {10},
	number = {3},
	doi = {10.1037/1082-989x.10.3.259},
	url = {http://dx.doi.org/10.1037/1082-989X.10.3.259},
	langid = {en}
}

@article{mehta2000,
	title = {Putting the individual back into individual growth curves.},
	author = {Mehta, Paras D. and West, Stephen G.},
	year = {2000},
	date = {2000},
	journal = {Psychological Methods},
	pages = {23--43},
	volume = {5},
	number = {1},
	doi = {10.1037/1082-989x.5.1.23},
	url = {http://dx.doi.org/10.1037/1082-989X.5.1.23},
	langid = {en}
}

@article{collins2006,
	title = {Analysis of longitudinal data: The integration of theoretical model, temporal design, and statistical model},
	author = {Collins, Linda M.},
	year = {2006},
	month = {01},
	date = {2006-01-01},
	journal = {Annual Review of Psychology},
	pages = {505--528},
	volume = {57},
	number = {1},
	doi = {10.1146/annurev.psych.57.102904.190146},
	url = {http://dx.doi.org/10.1146/annurev.psych.57.102904.190146},
	langid = {en}
}

@incollection{dormann2014,
	title = {Timing in methods for studying psychosocial factors at work},
	booktitle = {Psychosocial factors at work in the asia pacific},
	editor = {Dollard, Maureen F. and Shimazu, Akihito and Nordin, Rusli Bin and Brough, Paula and Tuckey, Michelle R.},
	author = {Dormann, Christian and van de Ven, Bart},
	year = {2014},

	publisher = {Springer Dordrecht},
	pages = {89--116},
	doi = {10.1007/978-94-017-8975-2_4},
	url = {http://dx.doi.org/10.1007/978-94-017-8975-2_4}
}

@article{dormann2015,
	title = {Optimal time lags in panel studies.},
	author = {Dormann, Christian and Griffin, Mark A.},
	year = {2015},
	date = {2015},
	journal = {Psychological Methods},
	pages = {489--505},
	volume = {20},
	number = {4},
	doi = {10.1037/met0000041},
	url = {http://dx.doi.org/10.1037/met0000041},
	langid = {en}
}



@article{chen2014,
	title = {The effect of measurement timing on the information content of customer satisfaction measures},
	author = {Chen, Clara Xiaoling and Martin, Melissa and Merchant, Kenneth A.},
	year = {2014},
	month = {09},
	date = {2014-09},
	journal = {Management Accounting Research},
	pages = {187--205},
	volume = {25},
	number = {3},
	doi = {10.1016/j.mar.2013.12.003},
	url = {http://dx.doi.org/10.1016/j.mar.2013.12.003},
	langid = {en}
}

@book{robert2010,
	title = {Introducing Monte Carlo methods with R},
	author = {Robert, Christian and Casella, George},

	year = {2010},
	date = {2010},
	publisher = {Springer New York},
	doi = {10.1007/978-1-4419-1576-4},
	url = {http://dx.doi.org/10.1007/978-1-4419-1576-4}
}

@article{cole2009,
	title = {Statistical methods for risk-outcome research: Being sensitive to longitudinal structure},
	author = {Cole, David A. and Maxwell, Scott E.},
	year = {2009},
	month = {04},
	date = {2009-04-01},
	journal = {Annual Review of Clinical Psychology},
	pages = {71--96},
	volume = {5},
	number = {1},
	doi = {10.1146/annurev-clinpsy-060508-130357},
	url = {http://dx.doi.org/10.1146/annurev-clinpsy-060508-130357},
	langid = {en}
}

@article{stanley2014,
	title = {Expectations for replications: Are yours realistic?},
	author = {Stanley, David J. and Spence, Jeffrey R.},
	year = {2014},
	month = {05},
	date = {2014-05},
	journal = {Perspectives on Psychological Science},
	pages = {305--318},
	volume = {9},
	number = {3},
	doi = {10.1177/1745691614528518},
	url = {http://dx.doi.org/10.1177/1745691614528518},
	langid = {en}
}

@article{burchinal1991,
	title = {Estimating individual developmental functions: Methods and their assumptions},
	author = {Burchinal, Margaret and Appelbaum, Mark I.},
	year = {1991},
	month = {02},
	date = {1991-02},
	journal = {Child Development},
	pages = {23--42},
	volume = {62},
	number = {1},
	doi = {10.2307/1130702},
	url = {http://dx.doi.org/10.2307/1130702}
}

@article{murre2015,
	title = {Replication and analysis of {Ebbinghaus{\textquoteright}} forgetting curve},
	author = {Murre, Jaap M. J. and Dros, Joeri},
	year = {2015},
	month = {07},
	date = {2015-07-06},
	journal = {PLOS ONE},
	pages = {e0120644},
	volume = {10},
	number = {7},
	doi = {10.1371/journal.pone.0120644},
	url = {http://dx.doi.org/10.1371/journal.pone.0120644},
	langid = {en}
}

@article{fournier2017,
	title = {Effects of circadian cortisol on the development of a health habit.},
	author = {Fournier, Marion and {d'Arripe-Longueville}, Fabienne and Rovere, Carole and Easthope, Christopher S. and Schwabe, Lars and El Methni, Jonathan and Radel, {Rémi}},
	year = {2017},
	month = {11},
	date = {2017-11},
	journal = {Health Psychology},
	pages = {1059--1064},
	volume = {36},
	number = {11},
	doi = {10.1037/hea0000510},
	url = {http://dx.doi.org/10.1037/hea0000510},
	langid = {en}
}

@article{xia2020,
	title = {Analysis of a nonlinear opinion dynamics model with biased assimilation},
	author = {Xia, Weiguo and Ye, Mengbin and Liu, Ji and Cao, Ming and Sun, Xi-Ming},
	year = {2020},
	month = {10},
	date = {2020-10},
	journal = {Automatica},
	pages = {109113},
	volume = {120},
	doi = {10.1016/j.automatica.2020.109113},
	url = {http://dx.doi.org/10.1016/j.automatica.2020.109113},
	langid = {en}
}


@article{cohen1993,
	title = {Organizational commitment and turnover: A meta-analysis},
	author = {Cohen, A.},
	year = {1993},
	month = {10},
	date = {1993-10-01},
	journal = {Academy of Management Journal},
	pages = {1140--1157},
	volume = {36},
	number = {5},
	doi = {10.2307/256650},
	url = {http://dx.doi.org/10.2307/256650},
	langid = {en}
}

@article{griffeth2000,
	title = {A meta-analysis of antecedents and correlates of employee turnover: Update, moderator tests, and research implications for the next millennium},
	author = {Griffeth, Rodger W. and Hom, Peter W. and Gaertner, Stefan},
	year = {2000},
	month = {06},
	date = {2000-06},
	journal = {Journal of Management},
	pages = {463--488},
	volume = {26},
	number = {3},
	doi = {10.1177/014920630002600305},
	url = {http://dx.doi.org/10.1177/014920630002600305},
	langid = {en}
}

@article{hom1992,
	title = {A meta-analytical structural equations analysis of a model of employee turnover.},
	author = {Hom, Peter W. and Caranikas-Walker, Fanny and Prussia, Gregory E. and Griffeth, Rodger W.},
	year = {1992},
	month = {12},
	date = {1992-12},
	journal = {Journal of Applied Psychology},
	pages = {890--909},
	volume = {77},
	number = {6},
	doi = {10.1037/0021-9010.77.6.890},
	url = {http://dx.doi.org/10.1037/0021-9010.77.6.890},
	langid = {en}
}

@article{riketta2008,
	title = {The causal relation between job attitudes and performance: A meta-analysis of panel studies.},
	author = {Riketta, Michael},
	year = {2008},
	date = {2008},
	journal = {Journal of Applied Psychology},
	pages = {472--481},
	volume = {93},
	number = {2},
	doi = {10.1037/0021-9010.93.2.472},
	url = {http://dx.doi.org/10.1037/0021-9010.93.2.472},
	langid = {en}
}

@article{steel1984,
	title = {A review and meta-analysis of research on the relationship between behavioral intentions and employee turnover.},
	author = {Steel, Robert P. and Ovalle, Nestor K.},
	year = {1984},
	month = {11},
	date = {1984-11},
	journal = {Journal of Applied Psychology},
	pages = {673--686},
	volume = {69},
	number = {4},
	doi = {10.1037/0021-9010.69.4.673},
	url = {http://dx.doi.org/10.1037/0021-9010.69.4.673},
	langid = {en}
}

@article{steel1990,
	title = {Confounding effects of the turnover base rate on relations between time lag and turnover study outcomes: An extension of meta-analysis findings and conclusions},
	author = {Steel, Robert P. and Hendrix, William H. and Balogh, Steven P.},
	year = {1990},
	month = {05},
	date = {1990-05},
	journal = {Journal of Organizational Behavior},
	pages = {237--242},
	volume = {11},
	number = {3},
	doi = {10.1002/job.4030110306},
	url = {http://dx.doi.org/10.1002/job.4030110306},
	langid = {en}
}

@thesis{muthen1997,
  title={{Robust inference using weighted least squares and quadratic estimating equations in latent variable modeling with categorical and continuous outcomes \emph{[Unpublished technical report]}}},
  author={Muth{\'e}n, Bengt O. and {du Toit}, Stephen H. C. and Spisic, Damir},
  year={1997},
  url = {https://bit.ly/3Q3Yyew}
}


@article{larsen1990,
	title = {Individual differences in entrainment of mood to the weekly calendar},
	author = {Larsen, Randy J. and Kasimatis, Margaret},
	year = {1990},
	date = {1990},
	journal = {Journal of Personality and Social Psychology},
	pages = {164--171},
	volume = {58},
	number = {1},
	doi = {10.1037/0022-3514.58.1.164},
	url = {http://dx.doi.org/10.1037/0022-3514.58.1.164},
	langid = {en}
}

@article{huh2015,
	title = {Modeling cyclical patterns in daily college drinking data with many zeroes},
	author = {Huh, David and Kaysen, Debra L. and Atkins, David C.},
	year = {2015},
	month = {03},
	date = {2015-03-04},
	journal = {Multivariate Behavioral Research},
	pages = {184--196},
	volume = {50},
	number = {2},
	doi = {10.1080/00273171.2014.977433},
	url = {http://dx.doi.org/10.1080/00273171.2014.977433},
	langid = {en}
}

@article{bodenmann2010,
	title = {The association between daily stress and sexual activity.},
	author = {Bodenmann, Guy and Atkins, David C. and {Schär}, Marcel and Poffet, {Valérie}},
	year = {2010},
	date = {2010},
	journal = {Journal of Family Psychology},
	pages = {271--279},
	volume = {24},
	number = {3},
	doi = {10.1037/a0019365},
	url = {http://dx.doi.org/10.1037/a0019365},
	langid = {en}
}



@book{murphy2014,
	title = {Statistical power analysis},
	author = {Murphy, Kevin R. and Myors, Brett and Wolach, Allen},
	edition = {4},
	year = {2014},
	month = {05},
	date = {2014-05-16},
	publisher = {Routledge},
	doi = {10.4324/9781315773155},
	url = {http://dx.doi.org/10.4324/9781315773155}
}

@article{krull1999,
	title = {Multilevel mediation modeling in group-based intervention studies},
	author = {Krull, Jennifer L. and Mackinnon, David P.},
	year = {1999},
	month = {08},
	date = {1999-08},
	journal = {Evaluation Review},
	pages = {418--444},
	volume = {23},
	number = {4},
	doi = {10.1177/0193841x9902300404},
	url = {http://dx.doi.org/10.1177/0193841X9902300404},
	langid = {en}
}

@article{olejnik2000,
	title = {Measures of effect size for comparative studies: Applications, interpretations, and limitations},
	author = {Olejnik, Stephen and Algina, James},
	year = {2000},
	month = {07},
	date = {2000-07},
	journal = {Contemporary Educational Psychology},
	pages = {241--286},
	volume = {25},
	number = {3},
	doi = {10.1006/ceps.2000.1040},
	url = {http://dx.doi.org/10.1006/ceps.2000.1040},
	langid = {en}
}

@incollection{siegler2006,
	title = {Microgenetic analyses of learning},
	author = {Siegler, R.S.},
	editor = {Kuuhn, D. and Siegler, R. S. and Damon, W. and Lerner, R.M.},
	booktitle = {Handbook of child psychology: Cognition, perception, and language},
	edition = {6},
	volume = {2},
	year = {2006},
	pages = {464--510},
	month = {03},
	publisher = {John Wiley {\&} Sons},
	url = {https://bit.ly/3IeZNFT}
}



@book{howell2009,
  title={Statistical methods for psychology},
  author={Howell, D. C},
  year={2009},
  edition = {7},
  publisher={Wadsworth Publishing}, 
  url = {bit.ly/3GkCU2gs}
}


@article{liu2022,
	title = {Obtaining interpretable parameters from reparameterized longitudinal models: Transformation matrices between growth factors in two parameter spaces},
	author = {Liu, Jin and Perera, Robert A. and Kang, Le and Sabo, Roy T. and Kirkpatrick, Robert M.},
	year = {2022},
	month = {12},
	date = {2022-12-01},
	journal = {Journal of Educational and Behavioral Statistics},
	pages = {167--201},
	volume = {47},
	number = {2},
	doi = {10.3102/10769986211052009},
	url = {http://dx.doi.org/10.3102/10769986211052009},
	langid = {en}
}

@article{ho2021,
	title = {The relation between deceptive impression management and employment interview ratings: A meta-analysis.},
	author = {Ho, Jordan L. and Powell, Deborah M. and Stanley, David J.},
	year = {2021},
	month = {04},
	date = {2021-04},
	journal = {Canadian Journal of Behavioural Science / Revue canadienne des sciences du comportement},
	pages = {164--174},
	volume = {53},
	number = {2},
	doi = {10.1037/cbs0000223},
	url = {http://dx.doi.org/10.1037/cbs0000223},
	langid = {en}
}

@article{sterba2014,
	title = {Fitting nonlinear latent growth curve models with individually varyingt time points},
	author = {Sterba, Sonya K.},
	year = {2014},
	month = {08},
	date = {2014-08-31},
	journal = {Structural Equation Modeling: A Multidisciplinary Journal},
	pages = {630--647},
	volume = {21},
	number = {4},
	doi = {10.1080/10705511.2014.919828},
	url = {http://dx.doi.org/10.1080/10705511.2014.919828},
	langid = {en}
}

@article{blozis2008,
	title = {Coding and centering of time in latent curve models in the presence of interindividual time heterogeneity},
	author = {Blozis, Shelley A. and Cho, Young Il},
	year = {2008},
	month = {07},
	date = {2008-07-18},
	journal = {Structural Equation Modeling: A Multidisciplinary Journal},
	pages = {413--433},
	volume = {15},
	number = {3},
	doi = {10.1080/10705510802154299},
	url = {http://dx.doi.org/10.1080/10705510802154299},
	langid = {en}
}

@article{anvari2021,
	title = {Using anchor-based methods to determine the smallest effect size of interest},
	author = {Anvari, Farid and Lakens, {Daniël}},
	year = {2021},
	month = {09},
	date = {2021-09},
	journal = {Journal of Experimental Social Psychology},
	pages = {104159},
	volume = {96},
	doi = {10.1016/j.jesp.2021.104159},
	url = {http://dx.doi.org/10.1016/j.jesp.2021.104159},
	langid = {en}
}


@article{nanchen2018,
	title = {Resting heart rate: What is normal?},
	author = {Nanchen, David},
	year = {2018},
	month = {01},
	date = {2018-01-30},
	journal = {Heart},
	pages = {1048--1049},
	volume = {104},
	number = {13},
	doi = {10.1136/heartjnl-2017-312731},
	url = {http://dx.doi.org/10.1136/heartjnl-2017-312731},
	langid = {en}
}

@article{whitley1987,
	title = {Comparison of heart rate responses},
	author = {Whitley, Jim D. and Schoene, Lori L.},
	year = {1987},
	month = {10},
	date = {1987-10-01},
	journal = {Physical Therapy},
	pages = {1501--1504},
	volume = {67},
	number = {10},
	doi = {10.1093/ptj/67.10.1501},
	url = {http://dx.doi.org/10.1093/ptj/67.10.1501},
	langid = {en}
}

@article{moran2002,
	title = {Core temperature measurement},
	author = {Moran, Daniel S. and Mendal, Liran},
	year = {2002},
	date = {2002},
	journal = {Sports Medicine},
	pages = {879--885},
	volume = {32},
	number = {14},
	doi = {10.2165/00007256-200232140-00001},
	url = {http://dx.doi.org/10.2165/00007256-200232140-00001},
	langid = {en}
}

@article{lakens2017,
	title = {Equivalence tests: A practical primer for \emph{t} tests, correlations, and meta-analyses},
	author = {Lakens, {Daniël}},
	year = {2017},
	month = {05},
	date = {2017-05},
	journal = {Social Psychological and Personality Science},
	pages = {355--362},
	volume = {8},
	number = {4},
	doi = {10.1177/1948550617697177},
	url = {http://dx.doi.org/10.1177/1948550617697177},
	langid = {en}
}

@article{daft1990,
	title = {Can organization studies begin to break out of the normal science straitjacket? An editorial essay},
	author = {Daft, Richard L. and Lewin, Arie Y.},
	year = {1990},
	month = {02},
	date = {1990-02},
	journal = {Organization Science},
	pages = {1--9},
	volume = {1},
	number = {1},
	doi = {10.1287/orsc.1.1.1},
	url = {http://dx.doi.org/10.1287/orsc.1.1.1},
	langid = {en}
}

@article{lawler2022,
	title = {The practitioner-academic gap: A view from the middle},
	author = {Lawler, Edward E. and Benson, George S.},
	year = {2022},
	month = {03},
	date = {2022-03},
	journal = {Human Resource Management Review},
	pages = {100748},
	volume = {32},
	number = {1},
	doi = {10.1016/j.hrmr.2020.100748},
	url = {http://dx.doi.org/10.1016/j.hrmr.2020.100748},
	langid = {en}
}

@incollection{sackett1990,
	title = {Research strategies and tactics in industrial and organizational psychology},
	author = {Sackett, P. R. and Larson, J. R., Jr.},
	editor = {Dunnette, M. D. and Hough, L. M.},
	booktitle = {Handbook of industrial and organizational psychology},
	volume = {2},

	year = {1990},
	pages = {419--489},
	publisher = {Consulting Psychologists Press},
	url = {https://bit.ly/3GymBiR}
}

@article{cascio2008,
	title = {Research in industrial and organizational psychology from 1963 to 2007: Changes, choices, and trends.},
	author = {Cascio, Wayne F. and Aguinis, Herman},
	year = {2008},
	date = {2008},
	journal = {Journal of Applied Psychology},
	pages = {1062--1081},
	volume = {93},
	number = {5},
	doi = {10.1037/0021-9010.93.5.1062},
	url = {http://dx.doi.org/10.1037/0021-9010.93.5.1062},
	langid = {en}
}

@article{rynes2002a,
	title = {{HR} professionals' beliefs about effective human resource practices: Correspondence between research and practice},
	author = {Rynes, Sara L. and Colbert, Amy E. and Brown, Kenneth G.},
	year = {2002},
	date = {2002},
	journal = {Human Resource Management},
	pages = {149--174},
	volume = {41},
	number = {2},
	doi = {10.1002/hrm.10029},
	url = {http://dx.doi.org/10.1002/hrm.10029},
	langid = {en}
}

@article{tenhiälä2014,
	title = {The research-practice gap in human resource management: A cross-cultural study},
	author = {{Tenhiälä}, Aino and Giluk, Tamara L. and Kepes, Sven and {Simón}, Cristina and Oh, In-Sue and Kim, Seongsu},
	year = {2014},
	month = {11},
	date = {2014-11-12},
	journal = {Human Resource Management},
	pages = {179--200},
	volume = {55},
	number = {2},
	doi = {10.1002/hrm.21656},
	url = {http://dx.doi.org/10.1002/hrm.21656},
	langid = {en}
}

@article{sanders2008,
	title = {The gap between research and practice: a replication study on the HR professionals' beliefs about effective human resource practices},
	author = {Sanders, Karin and van Riemsdijk, Maarten and Groen, Bianca},
	year = {2008},
	month = {10},
	date = {2008-10},
	journal = {The International Journal of Human Resource Management},
	pages = {1976--1988},
	volume = {19},
	number = {10},
	doi = {10.1080/09585190802324304},
	url = {http://dx.doi.org/10.1080/09585190802324304},
	langid = {en}
}


@article{kieser2009,
	title = {Why the rigour-relevance gap in nanagement research is unbridgeable},
	author = {Kieser, Alfred and Leiner, Lars},
	year = {2009},
	month = {05},
	date = {2009-05},
	journal = {Journal of Management Studies},
	pages = {516--533},
	volume = {46},
	number = {3},
	doi = {10.1111/j.1467-6486.2009.00831.x},
	url = {http://dx.doi.org/10.1111/j.1467-6486.2009.00831.x},
	langid = {en}
}

@book{mcknight2007,
  title={Missing data: A gentle introduction},
  author={McKnight, P.E. and McKnight, P. K. and Sidani, S., and Figueredo, A. J.},
  year={2007},
  url = {https://bit.ly/3i5of1W},
  publisher={Guilford Press}
}

@article{newman2003,
	title = {Longitudinal modeling with randomly and systematically missing data: A simulation of ad hoc, maximum likelihood, and multiple imputation techniques},
	author = {Newman, Daniel A.},
	year = {2003},
	month = {07},
	date = {2003-07},
	journal = {Organizational Research Methods},
	pages = {328--362},
	volume = {6},
	number = {3},
	doi = {10.1177/1094428103254673},
	url = {http://dx.doi.org/10.1177/1094428103254673},
	langid = {en}
}


@incollection{newman2009,
	title = {Missing data techniques and low response rates: The role of systematic nonresponse parameters},
	author = {Newman, D. A.},
	editor = {Lance, C. E. and Vandenberg, R. J.},
	booktitle = {Statistical and methodological myths and urban legends: Doctrine, verity and fable in the organizational and social sciences},

	year = {2009},
	pages = {7--36},
	publisher = {Routlege},
	url = {https://bit.ly/3VzJvuj}
}

@article{vandenberg2000,
	title = {A review and synthesis of the measurement invariance literature: Suggestions, practices, and recommendations for organizational research},
	author = {Vandenberg, Robert J. and Lance, Charles E.},
	year = {2000},
	month = {01},
	date = {2000-01},
	journal = {Organizational Research Methods},
	pages = {4--70},
	volume = {3},
	number = {1},
	doi = {10.1177/109442810031002},
	url = {http://dx.doi.org/10.1177/109442810031002},
	langid = {en}
}

@article{mellenbergh1989,
	title = {Item bias and item response theory},
	author = {Mellenbergh, Gideon J.},
	year = {1989},
	month = {01},
	date = {1989-01},
	journal = {International Journal of Educational Research},
	pages = {127--143},
	volume = {13},
	number = {2},
	doi = {10.1016/0883-0355(89)90002-5},
	url = {http://dx.doi.org/10.1016/0883-0355(89)90002-5},
	langid = {en}
}

@article{vandeschoot2015,
	title = {Editorial: Measurement invariance},
	author = {Van De Schoot, Rens and Schmidt, Peter and De Beuckelaer, Alain and Lek, Kimberley and Zondervan-Zwijnenburg, Marielle},
	year = {2015},
	month = {07},
	date = {2015-07-28},
	journal = {Frontiers in Psychology},
	volume = {6},
	pages = {1064},
	doi = {10.3389/fpsyg.2015.01064},
	url = {http://dx.doi.org/10.3389/fpsyg.2015.01064}
}

@article{fried2016,
	title = {Measuring depression over time . . . Or not? {Lack} of unidimensionality and longitudinal measurement invariance in four common rating scales of depression.},
	author = {Fried, Eiko I. and van Borkulo, Claudia D. and Epskamp, Sacha and Schoevers, Robert A. and Tuerlinckx, Francis and Borsboom, Denny},
	year = {2016},
	month = {11},
	date = {2016-11},
	journal = {Psychological Assessment},
	pages = {1354--1367},
	volume = {28},
	number = {11},
	doi = {10.1037/pas0000275},
	url = {http://dx.doi.org/10.1037/pas0000275},
	langid = {en}
}


@article{sivo2000,
	title = {Modeling causal error structures in longitudinal panel data: A Monte Carlo study},
	author = {Sivo, Stephen A. and Willson, Victor L.},
	year = {2000},
	month = {06},
	date = {2000-06},
	journal = {Structural Equation Modeling: A Multidisciplinary Journal},
	pages = {174--205},
	volume = {7},
	number = {2},
	doi = {10.1207/s15328007sem0702_3},
	url = {http://dx.doi.org/10.1207/S15328007SEM0702_3},
	langid = {en}
}

@article{sivo2005,
	title = {The biasing effects of unmodeled ARMA time series Processes on latent growth curve model estimates},
	author = {Sivo, Stephen and Fan, Xitao and Witta, Lea},
	year = {2005},
	month = {04},
	date = {2005-04},
	journal = {Structural Equation Modeling: A Multidisciplinary Journal},
	pages = {215--231},
	volume = {12},
	number = {2},
	doi = {10.1207/s15328007sem1202_2},
	url = {http://dx.doi.org/10.1207/s15328007sem1202_2},
	langid = {en}
}

@article{blozis2018,
	title = {Fitting nonlinear mixed-effects models with alternative residual covariance structures},
	author = {Blozis, Shelley A. and Harring, Jeffrey R.},
	year = {2018},
	month = {07},
	date = {2018-07-29},
	journal = {Sociological Methods & Research},
	pages = {531--566},
	volume = {50},
	number = {2},
	doi = {10.1177/0049124118789718},
	url = {http://dx.doi.org/10.1177/0049124118789718},
	langid = {en}
}

@article{sivo2008,
	title = {The latent curve ARMA (p, q) panel model: Longitudinal data analysis in educational research and evaluation},
	author = {Sivo, Stephen and Fan, Xitao},
	year = {2008},
	month = {08},
	date = {2008-08},
	journal = {Educational Research and Evaluation},
	pages = {363--376},
	volume = {14},
	number = {4},
	doi = {10.1080/13803610802249670},
	url = {http://dx.doi.org/10.1080/13803610802249670},
	langid = {en}
}

@article{deshon1998,
	title = {The estimation of reliability in longitudinal models},
	author = {DeShon, Richard P. and Ployhart, Robert E. and Sacco, Joshua M.},
	year = {1998},
	month = {09},
	date = {1998-09},
	journal = {International Journal of Behavioral Development},
	pages = {493--515},
	volume = {22},
	number = {3},
	doi = {10.1080/016502598384243},
	url = {http://dx.doi.org/10.1080/016502598384243},
	langid = {en}
}

@article{bliese2002,
	title = {Growth modeling using random coefficient models: Model building, testing, and illustrations},
	author = {Bliese, Paul D. and Ployhart, Robert E.},
	year = {2002},
	month = {10},
	date = {2002-10},
	journal = {Organizational Research Methods},
	pages = {362--387},
	volume = {5},
	number = {4},
	doi = {10.1177/109442802237116},
	url = {http://dx.doi.org/10.1177/109442802237116},
	langid = {en}
}

@article{ding2016,
	title = {A systematic approach for identifying level-1 error covariance structures in latent growth modeling},
	author = {Ding, Cherng G. and Jane, Ten-Der and Wu, Chiu-Hui and Lin, Hang-Rung and Shen, Chih-Kang},
	year = {2016},
	month = {05},
	date = {2016-05-23},
	journal = {International Journal of Behavioral Development},
	pages = {444--455},
	volume = {41},
	number = {3},
	doi = {10.1177/0165025416647800},
	url = {http://dx.doi.org/10.1177/0165025416647800},
	langid = {en}
}

@article{lester2019,
	title = {From nuisance to novel research questions: Using multilevel models to predict heterogeneous variances},
	author = {Lester, Houston F. and Cullen-Lester, Kristin L. and Walters, Ryan W.},
	year = {2019},
	month = {11},
	date = {2019-11-22},
	journal = {Organizational Research Methods},
	pages = {342--388},
	volume = {24},
	number = {2},
	doi = {10.1177/1094428119887434},
	url = {http://dx.doi.org/10.1177/1094428119887434},
	langid = {en}
}

@article{lang2018,
	title = {Modeling consensus emergence in groups using longitudinal multilevel methods},
	author = {Lang, Jonas W. B. and Bliese, Paul D. and de Voogt, Alex},
	year = {2018},
	month = {02},
	date = {2018-02-12},
	journal = {Personnel Psychology},
	pages = {255--281},
	volume = {71},
	number = {2},
	doi = {10.1111/peps.12260},
	url = {http://dx.doi.org/10.1111/peps.12260},
	langid = {en}
}

@article{goldstein1994,
	title = {Multilevel time series models with applications to repeated measures data},
	author = {Goldstein, Harvey and Healy, Michael J. R. and Rasbash, Jon},
	year = {1994},
	month = {08},
	date = {1994-08-30},
	journal = {Statistics in Medicine},
	pages = {1643--1655},
	volume = {13},
	number = {16},
	doi = {10.1002/sim.4780131605},
	url = {http://dx.doi.org/10.1002/sim.4780131605},
	langid = {en}
}

@article{kombo2016,
	title = {Multiple imputation for ordinal longitudinal data with monotone missing data patterns},
	author = {Kombo, A.Y. and Mwambi, H. and Molenberghs, G.},
	year = {2016},
	month = {04},
	date = {2016-04-25},
	journal = {Journal of Applied Statistics},
	pages = {270--287},
	volume = {44},
	number = {2},
	doi = {10.1080/02664763.2016.1168370},
	url = {http://dx.doi.org/10.1080/02664763.2016.1168370},
	langid = {en}
}

@article{chen2005,
	title = {Teacher's corner: Testing measurement invariance of second-order factor models},
	author = {Chen, Fang Fang and Sousa, Karen H. and West, Stephen G.},
	year = {2005},
	month = {07},
	date = {2005-07},
	journal = {Structural Equation Modeling: A Multidisciplinary Journal},
	pages = {471--492},
	volume = {12},
	number = {3},
	doi = {10.1207/s15328007sem1203_7},
	url = {http://dx.doi.org/10.1207/s15328007sem1203_7},
	langid = {en}
}

@article{hsiao2018,
	title = {The impact of partial measurement invariance on testing moderation for single and multi-level data},
	author = {Hsiao, Yu-Yu and Lai, Mark H. C.},
	year = {2018},
	month = {05},
	date = {2018-05-15},
	journal = {Frontiers in Psychology},
	volume = {9},
	pages = {740},
	doi = {10.3389/fpsyg.2018.00740},
	url = {http://dx.doi.org/10.3389/fpsyg.2018.00740}
}

@inbook{bliese2020,
	title = {Discontinuous growth models: Illustrations, recommendations, and an {R} function for generating the design matrix},
	booktitle = {Handbook on the temporal dynamics of organizational behavior},
	author = {Bliese, Paul D. and Kautz, Jason and Lang, Jonas W. B.},
	year = {2020},
  editor = {Griep, Y. and Hansen, S. D.},
	publisher = {Edward Elgar Publishing},
	pages = {319--350},
	doi = {10.4337/9781788974387.00030},
	url = {http://dx.doi.org/10.4337/9781788974387.00030}
}


@article{braun2013,
	title = {Spurious results in the analysis of longitudinal data in organizational research},
	author = {Braun, Michael T. and Kuljanin, Goran and DeShon, Richard P.},
	year = {2013},
	month = {01},
	date = {2013-01-29},
	journal = {Organizational Research Methods},
	pages = {302--330},
	volume = {16},
	number = {2},
	doi = {10.1177/1094428112469668},
	url = {http://dx.doi.org/10.1177/1094428112469668},
	langid = {en}
}

@article{edwards2017,
	title = {On the use of spline regression in the study of congruence in organizational research},
	author = {Edwards, Jeffrey R. and Parry, Mark E.},
	year = {2017},
	month = {07},
	date = {2017-07-07},
	journal = {Organizational Research Methods},
	pages = {68--110},
	volume = {21},
	number = {1},
	doi = {10.1177/1094428117715067},
	url = {http://dx.doi.org/10.1177/1094428117715067},
	langid = {en}
}

@article{cudeck2002,
	title = {Multiphase mixed-effects models for repeated measures data.},
	author = {Cudeck, Robert and Klebe, Kelli J.},
	year = {2002},
	date = {2002},
	journal = {Psychological Methods},
	pages = {41--63},
	volume = {7},
	number = {1},
	doi = {10.1037/1082-989x.7.1.41},
	url = {http://dx.doi.org/10.1037/1082-989X.7.1.41},
	langid = {en}
}

@article{morgeson2015,
	title = {Event system theory: An event-oriented approach to the organizational sciences},
	author = {Morgeson, Frederick P. and Mitchell, Terence R. and Liu, Dong},
	year = {2015},
	month = {10},
	date = {2015-10},
	journal = {Academy of Management Review},
	pages = {515--537},
	volume = {40},
	number = {4},
	doi = {10.5465/amr.2012.0099},
	url = {http://dx.doi.org/10.5465/amr.2012.0099},
	langid = {en}
}

@article{lucas2004,
	title = {Unemployment alters the set point for life satisfaction},
	author = {Lucas, Richard E. and Clark, Andrew E. and Georgellis, Yannis and Diener, Ed},
	year = {2004},
	month = {01},
	date = {2004-01},
	journal = {Psychological Science},
	pages = {8--13},
	volume = {15},
	number = {1},
	doi = {10.1111/j.0963-7214.2004.01501002.x},
	url = {http://dx.doi.org/10.1111/j.0963-7214.2004.01501002.x},
	langid = {en}
}

@article{fulmer2015,
	title = {Trust after violations: Are collectivists more or less forgiving?},
	author = {Fulmer, C. Ashley and Gelfand, Michele J.},
	year = {2015},
	month = {07},
	date = {2015-07-03},
	journal = {Journal of Trust Research},
	pages = {109--131},
	volume = {5},
	number = {2},
	doi = {10.1080/21515581.2015.1051050},
	url = {http://dx.doi.org/10.1080/21515581.2015.1051050},
	langid = {en}
}


@article{bliese2007,
	title = {Multilevel methods: Future directions in measurement, longitudinal analyses, and nonnormal outcomes},
	author = {Bliese, Paul D. and Chan, David and Ployhart, Robert E.},
	year = {2007},
	month = {07},
	date = {2007-07-06},
	journal = {Organizational Research Methods},
	pages = {551--563},
	volume = {10},
	number = {4},
	doi = {10.1177/1094428107301102},
	url = {http://dx.doi.org/10.1177/1094428107301102},
	langid = {en}
}

@article{chou2004,
	title = {Piecewise growth curve modeling approach for longitudinal prevention study},
	author = {Chou, Chih-Ping and Yang, Dongyun and Pentz, Mary Ann and Hser, Yih-Ing},
	year = {2004},
	month = {06},
	date = {2004-06},
	journal = {Computational Statistics & Data Analysis},
	pages = {213--225},
	volume = {46},
	number = {2},
	doi = {10.1016/s0167-9473(03)00149-x},
	url = {http://dx.doi.org/10.1016/S0167-9473(03)00149-X},
	langid = {en}
}

@article{kohli2013,
	title = {Modeling growth in latent variables using a piecewise function},
	author = {Kohli, Nidhi and Harring, Jeffrey R.},
	year = {2013},
	month = {05},
	date = {2013-05},
	journal = {Multivariate Behavioral Research},
	pages = {370--397},
	volume = {48},
	number = {3},
	doi = {10.1080/00273171.2013.778191},
	url = {http://dx.doi.org/10.1080/00273171.2013.778191},
	langid = {en}
}

@inbook{sayer2001,
  booktitle = {New methods for the analysis of change},
	title = {Second-order latent growth models.},
	author = {Sayer, Aline G. and Cumsille, Patricio E.},
	editor = {Collins, L. M. and Sayer, A. G. },
	year = {2001},
	publisher = {American Psychological Association},
	pages = {179--200},
	doi = {10.1037/10409-006},
	url = {http://dx.doi.org/10.1037/10409-006}
}

@article{hancock2001,
	title = {An illustration of second-order latent growth models},
	author = {Hancock, Gregory and Kuo, Wen-Ling and Lawrence, Frank},
	year = {2001},
	month = {07},
	date = {2001-07-01},
	journal = {Structural Equation Modeling: A Multidisciplinary Journal},
	pages = {470--489},
	volume = {8},
	number = {3},
	doi = {10.1207/s15328007sem0803_7},
	url = {http://dx.doi.org/10.1207/S15328007SEM0803_7},
	langid = {en}
}

@article{borsboom2004,
	title = {The concept of validity.},
	author = {Borsboom, Denny and Mellenbergh, Gideon J. and van Heerden, Jaap},
	year = {2004},
	date = {2004},
	journal = {Psychological Review},
	pages = {1061--1071},
	volume = {111},
	number = {4},
	doi = {10.1037/0033-295x.111.4.1061},
	url = {http://dx.doi.org/10.1037/0033-295X.111.4.1061},
	langid = {en}
}

@article{cronbach1955,
	title = {Construct validity in psychological tests.},
	author = {Cronbach, Lee J. and Meehl, Paul E.},
	year = {1955},
	month = {07},
	date = {1955-07},
	journal = {Psychological Bulletin},
	pages = {281--302},
	volume = {52},
	number = {4},
	doi = {10.1037/h0040957},
	url = {http://dx.doi.org/10.1037/h0040957},
	langid = {en}
}

@article{meehl1978,
	title = {Theoretical risks and tabular asterisks: Sir Karl, Sir Ronald, and the slow progress of soft psychology.},
	author = {Meehl, Paul E.},
	year = {1978},
	month = {08},
	date = {1978-08},
	journal = {Journal of Consulting and Clinical Psychology},
	pages = {806--834},
	volume = {46},
	number = {4},
	doi = {10.1037/0022-006x.46.4.806},
	url = {http://dx.doi.org/10.1037/0022-006X.46.4.806},
	langid = {en}
}

@article{jeon2020,
	title = {Performance of second-order latent growth model under partial longitudinal measurement invariance: A comparison of two scaling approaches},
	author = {Jeon, Min-Jeong and Kim, Su-Young},
	year = {2020},
	month = {08},
	date = {2020-08-04},
	journal = {Structural Equation Modeling: A Multidisciplinary Journal},
	pages = {261--277},
	volume = {28},
	number = {2},
	doi = {10.1080/10705511.2020.1783270},
	url = {http://dx.doi.org/10.1080/10705511.2020.1783270},
	langid = {en}
}

@article{kim2014a,
	title = {Testing measurement invariance across groups in longitudinal data: Multigroup second-order latent growth model},
	author = {Kim, Eun Sook and Willson, Victor L.},
	year = {2014},
	month = {08},
	date = {2014-08-21},
	journal = {Structural Equation Modeling: A Multidisciplinary Journal},
	pages = {566--576},
	volume = {21},
	number = {4},
	doi = {10.1080/10705511.2014.919821},
	url = {http://dx.doi.org/10.1080/10705511.2014.919821},
	langid = {en}
}

@article{kim2014b,
	title = {Measurement invariance across groups in latent growth modeling},
	author = {Kim, Eun Sook and Willson, Victor L.},
	year = {2014},
	month = {06},
	date = {2014-06-09},
	journal = {Structural Equation Modeling: A Multidisciplinary Journal},
	pages = {408--424},
	volume = {21},
	number = {3},
	doi = {10.1080/10705511.2014.915374},
	url = {http://dx.doi.org/10.1080/10705511.2014.915374},
	langid = {en}
}

@article{kim2014c,
	title = {The effects of staffing and training on firm productivity and profit growth before, during, and after the Great Recession},
	author = {Kim, Youngsang and Ployhart, Robert E.},
	year = {2014},
	date = {2014},
	journal = {Journal of Applied Psychology},
	pages = {361--389},
	volume = {99},
	number = {3},
	doi = {10.1037/a0035408},
	url = {http://dx.doi.org/10.1037/a0035408},
	langid = {en}
}

@book{pickup2014,
  title={Introduction to time series analysis},
  author={Pickup, Mark},
  year={2014},
  publisher={Sage Publications},
  url = {https://bit.ly/3WDtdll}
}


@inbook{larson2014,
  booktitle = {Flow and the foudations of positive psychology: The collected works of Mihaly Csikszentmihalyi},
  editor = {Csikszentmihalyi, Mihaly and Larson, Reed},
	title = {The experience sampling method},
	author = {Larson, Reed and Csikszentmihalyi, Mihaly},
	year = {2014},
	date = {2014},
	publisher = {Springer Netherlands},
	pages = {21--34},
	doi = {10.1007/978-94-017-9088-8_2},
	url = {http://dx.doi.org/10.1007/978-94-017-9088-8_2}
}

@article{fuller2003,
	title = {A lengthy look at the daily grind: Time series analysis of events, mood, stress, and satisfaction},
	author = {Fuller, Julie A. and Stanton, Jeffrey M. and Fisher, Gwenith G. and {Spitzmüller}, Christiane and Russell, Steven S. and Smith, Patricia C.},
	year = {2003},
	date = {2003},
	journal = {Journal of Applied Psychology},
	pages = {1019--1033},
	volume = {88},
	number = {6},
	doi = {10.1037/0021-9010.88.6.1019},
	url = {http://dx.doi.org/10.1037/0021-9010.88.6.1019},
	langid = {en}
}

@article{bauer2007,
	title = {Observations on the use of growth mixture models in psychological research},
	author = {Bauer, Daniel J.},
	year = {2007},
	month = {12},
	date = {2007-12-28},
	journal = {Multivariate Behavioral Research},
	pages = {757--786},
	volume = {42},
	number = {4},
	doi = {10.1080/00273170701710338},
	url = {http://dx.doi.org/10.1080/00273170701710338},
	langid = {en}
}

@article{seppälä2018,
	title = {A job resources-based intervention to boost work engagement and team innovativeness during organizational restructuring},
	author = {{Seppälä}, Piia and Hakanen, Jari J. and Tolvanen, Asko and Demerouti, Evangelia},
	year = {2018},
	month = {11},
	date = {2018-11-12},
	journal = {Journal of Organizational Change Management},
	pages = {1419--1437},
	volume = {31},
	number = {7},
	doi = {10.1108/jocm-11-2017-0448},
	url = {http://dx.doi.org/10.1108/JOCM-11-2017-0448},
	langid = {en}
}

@article{bliese2016,
	title = {Understanding relative and absolute change in discontinuous growth models},
	author = {Bliese, Paul D. and Lang, Jonas W. B.},
	year = {2016},
	month = {06},
	date = {2016-06-23},
	journal = {Organizational Research Methods},
	pages = {562--592},
	volume = {19},
	number = {4},
	doi = {10.1177/1094428116633502},
	url = {http://dx.doi.org/10.1177/1094428116633502},
	langid = {en}
}

@article{chan1998,
	title = {The conceptualization and analysis of change over time: An integrative approach incorporating longitudinal mean and covariance structures analysis (LMACS) and multiple indicator latent growth modeling (MLGM)},
	author = {Chan, David},
	year = {1998},
	month = {10},
	date = {1998-10},
	journal = {Organizational Research Methods},
	pages = {421--483},
	volume = {1},
	number = {4},
	doi = {10.1177/109442819814004},
	url = {http://dx.doi.org/10.1177/109442819814004},
	langid = {en}
}

@article{rogosa1982,
	title = {A growth curve approach to the measurement of change.},
	author = {Rogosa, David and Brandt, David and Zimowski, Michele},
	year = {1982},
	month = {11},
	date = {1982-11},
	journal = {Psychological Bulletin},
	pages = {726--748},
	volume = {92},
	number = {3},
	doi = {10.1037/0033-2909.92.3.726},
	url = {http://dx.doi.org/10.1037/0033-2909.92.3.726},
	langid = {en}
}

@article{vandernest2020,
	title = {An overview of mixture modelling for latent evolutions in longitudinal data: Modelling approaches, fit statistics and software},
	author = {van der Nest, Gavin and Lima Passos, {Valéria} and Candel, Math J.J.M. and van Breukelen, Gerard J.P.},
	year = {2020},
	month = {03},
	date = {2020-03},
	journal = {Advances in Life Course Research},
	pages = {100323},
	volume = {43},
	doi = {10.1016/j.alcr.2019.100323},
	url = {http://dx.doi.org/10.1016/j.alcr.2019.100323},
	langid = {en}
}

@article{methot2017,
  title={Good citizen interrupted: Calibrating a temporal theory of citizenship behavior},
  author={Methot, Jessica R and Lepak, David and Shipp, Abbie J and Boswell, Wendy R},
  journal={Academy of Management Review},
  volume={42},
  number={1},
  pages={10--31},
  year={2017},
  doi = {https://doi.org/10.5465/amr.2014.0415}
}

@article{rynes2002b,
	title = {Seven common misconceptions about human resource practices: Research findings versus practitioner beliefs},
	author = {Rynes, Sara L. and Brown, Kenneth G. and Colbert, Amy E.},
	year = {2002},
	month = {08},
	date = {2002-08},
	journal = {Academy of Management Perspectives},
	pages = {92--103},
	volume = {16},
	number = {3},
	doi = {10.5465/ame.2002.8540341},
	url = {http://dx.doi.org/10.5465/ame.2002.8540341},
	langid = {en}
}

@article{leszczensky2019,
	title = {How to deal With reverse causality using panel data? Recommendations for researchers based on a simulation study},
	author = {Leszczensky, Lars and Wolbring, Tobias},
	year = {2019},
	month = {11},
	date = {2019-11-14},
	journal = {Sociological Methods & Research},
	pages = {837--865},
	volume = {51},
	number = {2},
	doi = {10.1177/0049124119882473},
	url = {http://dx.doi.org/10.1177/0049124119882473},
	langid = {en}
}

@article{mcneish2020,
	title = {Reducing incidence of nonpositive definite covariance matrices in mixed effect models},
	author = {McNeish, Daniel and Bauer, Daniel J.},
	year = {2020},
	month = {10},
	journal = {Multivariate Behavioral Research},
	pages = {318--340},
	volume = {57},
	number = {2-3},
	doi = {10.1080/00273171.2020.1830019},
	url = {http://dx.doi.org/10.1080/00273171.2020.1830019},
	langid = {en}
}

@article{navarro2020,
	title = {New nonlinear and dynamic avenues for the study of work and organizational psychology: an introduction to the special issue},
	author = {Navarro, {José} and Rueff-Lopes, Rita and Rico, {Ramón}},
	year = {2020},
	month = {07},
	date = {2020-07-03},
	journal = {European Journal of Work and Organizational Psychology},
	pages = {477--482},
	volume = {29},
	number = {4},
	doi = {10.1080/1359432x.2020.1794952},
	url = {http://dx.doi.org/10.1080/1359432X.2020.1794952},
	langid = {en}
}

@article{edwards2010,
	title = {The presence of something or the absence of nothing: Increasing theoretical precision in management research},
	author = {Edwards, Jeffrey R. and Berry, James W.},
	year = {2010},
	month = {09},
	date = {2010-09-07},
	journal = {Organizational Research Methods},
	pages = {668--689},
	volume = {13},
	number = {4},
	doi = {10.1177/1094428110380467},
	url = {http://dx.doi.org/10.1177/1094428110380467},
	langid = {en}
}

@article{huy2001,
	title = {Time, temporal capability, and planned change},
	author = {Huy, Quy Nguyen},
	year = {2001},
	month = {10},
	date = {2001-10},
	journal = {The Academy of Management Review},
	pages = {601},
	volume = {26},
	number = {4},
	doi = {10.2307/3560244},
	url = {http://dx.doi.org/10.2307/3560244}
}

@article{vancouver2020,
	title = {Translating informal theories into formal theories: The case of the dynamic computational model of the integrated model of work motivation},
	author = {Vancouver, Jeffrey B. and Wang, Mo and Li, Xiaofei},
	year = {2020},
	month = {06},
	date = {2020-06-20},
	journal = {Organizational Research Methods},
	pages = {238--274},
	volume = {23},
	number = {2},
	doi = {10.1177/1094428118780308},
	url = {http://dx.doi.org/10.1177/1094428118780308},
	langid = {en}
}

@report{kpmg2015,
  title={Evidence-based HR: The bridge between your people and delivering business strategy},
  author={Spears, M and Bolton, R},
  institution={KPMG International},
  year={2015}
}

@Manual{R-cowplot,
  title = {{cowplot}: Streamlined Plot Theme and Plot Annotations for ggplot2},
  author = {Claus O. Wilke},
  year = {2020},
  note = {R package version 1.1.1},
  url = {https://wilkelab.org/cowplot/},
}

@Manual{R-data.table,
  title = {{data.table}: Extension of `data.frame`},
  author = {Matt Dowle and Arun Srinivasan},
  year = {2022},
  note = {R package version 1.14.6},
  url = {https://CRAN.R-project.org/package=data.table},
}

@Manual{R-devtools,
  title = {{devtools}: Tools to Make Developing R Packages Easier},
  author = {Hadley Wickham and Jim Hester and Winston Chang},
  year = {2021},
  note = {R package version 2.4.1},
  url = {https://CRAN.R-project.org/package=devtools},
}

@Manual{R-egg,
  title = {{egg}: Extensions for ggplot2: Custom Geom, Custom Themes, Plot
Alignment, Labelled Panels, Symmetric Scales, and Fixed Panel
Size},
  author = {Baptiste Auguie},
  year = {2019},
  note = {R package version 0.4.5},
  url = {https://CRAN.R-project.org/package=egg},
}

@Manual{R-ggbrace,
  title = {{ggbrace}: Curly Braces in ggplot},
  author = {Nicolas Huber},
  year = {2021},
  note = {R package version 0.1.0},
  url = {https://github.com/NicolasH2/ggbrace}
}

@Manual{R-ggtext,
  title = {{ggtext}: Improved Text Rendering Support for ggplot2},
  author = {Claus O. Wilke and Brenton M. Wiernik},
  year = {2022},
  note = {R package version 0.1.2},
  url = {https://wilkelab.org/ggtext/},
}

@Manual{R-kableExtra,
  title = {{kableExtra}: Construct Complex Table with kable and Pipe Syntax},
  author = {Hao Zhu},
  year = {2021},
  note = {R package version 1.3.4},
  url = {https://CRAN.R-project.org/package=kableExtra},
}

@Manual{R-knitr,
  title = {{knitr}: A General-Purpose Package for Dynamic Report Generation in R},
  author = {Yihui Xie},
  year = {2022},
  note = {R package version 1.41},
  url = {https://yihui.org/knitr/},
}

@Manual{R-nonlinSims,
  title = {{nonlinSims}: Generates longitudinal data that follows logistic pattern},
  author = {First Last},
  year = {2022},
  note = {R package version 0.0.0.9000},
  url = {https://github.com/sciarraseb/nonlinSims}
}

@Manual{R-nonlinSimsAnalysis,
  title = {{nonlinSimsAnalysis}: Analyzes data simulated from {nonlinSims} package},
  author = {Sebastian Sciarra},
  year = {2022},
  note = {R package version 0.1.0},
  url = {https://github.com/sciarraseb/nonlinSimsAnalysis}
}

@Manual{R-RColorBrewer,
  title = {{RColorBrewer}: {ColorBrewer} Palettes},
  author = {Erich Neuwirth},
  year = {2022},
  note = {R package version 1.1-3},
  url = {https://CRAN.R-project.org/package=RColorBrewer},
}

@Manual{R-tidyverse,
  title = {{tidyverse}: Easily Install and Load the Tidyverse},
  author = {Hadley Wickham},
  year = {2022},
  note = {R package version 1.3.2},
  url = {https://CRAN.R-project.org/package=tidyverse},
}

@Book{knitr2015,
  title = {Dynamic Documents with {R} and knitr},
  author = {Yihui Xie},
  publisher = {Chapman and Hall/CRC},
  address = {Boca Raton, Florida},
  year = {2015},
  edition = {2nd},
  note = {ISBN 978-1498716963},
  url = {https://yihui.org/knitr/},
}

@InCollection{knitr2014,
  booktitle = {Implementing Reproducible Computational Research},
  editor = {Victoria Stodden and Friedrich Leisch and Roger D. Peng},
  title = {knitr: A Comprehensive Tool for Reproducible Research in {R}},
  author = {Yihui Xie},
  publisher = {Chapman and Hall/CRC},
  year = {2014},
  note = {ISBN 978-1466561595},
  url = {http://www.crcpress.com/product/isbn/9781466561595},
}

@Article{tidyverse2019,
  title = {Welcome to the {tidyverse}},
  author = {Hadley Wickham and Mara Averick and Jennifer Bryan and Winston Chang and Lucy D'Agostino McGowan and Romain François and Garrett Grolemund and Alex Hayes and Lionel Henry and Jim Hester and Max Kuhn and Thomas Lin Pedersen and Evan Miller and Stephan Milton Bache and Kirill Müller and Jeroen Ooms and David Robinson and Dana Paige Seidel and Vitalie Spinu and Kohske Takahashi and Davis Vaughan and Claus Wilke and Kara Woo and Hiroaki Yutani},
  year = {2019},
  journal = {Journal of Open Source Software},
  volume = {4},
  number = {43},
  pages = {1686},
  doi = {10.21105/joss.01686},
}




@article{yang2021,
	title = {The impact of challenge and hindrance stressors on thriving at work double mediation based on affect and motivation},
	author = {Yang, Yi and Li, Xiang},
	year = {2021},
	month = {01},
	date = {2021-01-28},
	journal = {Frontiers in Psychology},
	volume = {12},
	doi = {10.3389/fpsyg.2021.613871},
	url = {http://dx.doi.org/10.3389/fpsyg.2021.613871}
}

@article{mayer1995,
	title = {An integrative model of organizational trust},
	author = {Mayer, Roger C. and Davis, James H. and Schoorman, F. David},
	year = {1995},
	month = {07},
	date = {1995-07},
	journal = {The Academy of Management Review},
	pages = {709},
	volume = {20},
	number = {3},
	doi = {10.2307/258792},
	url = {http://dx.doi.org/10.2307/258792}
}

@article{christian2011,
	title = {Examining the effects of sleep deprivation on workplace deviance: A self-regulatory perspective},
	author = {Christian, Michael S. and Ellis, Aleksander P. J.},
	year = {2011},
	month = {10},
	date = {2011-10},
	journal = {Academy of Management Journal},
	pages = {913--934},
	volume = {54},
	number = {5},
	doi = {10.5465/amj.2010.0179},
	url = {http://dx.doi.org/10.5465/amj.2010.0179},
	langid = {en}
}

@article{chen2011,
	title = {The power of momentum: A new model of dynamic relationships between job satisfaction change and turnover intentions},
	author = {Chen, Gilad and Ployhart, Robert E. and Thomas, Helena Cooper and Anderson, Neil and Bliese, Paul D.},
	year = {2011},
	month = {02},
	date = {2011-02},
	journal = {Academy of Management Journal},
	pages = {159--181},
	volume = {54},
	number = {1},
	doi = {10.5465/amj.2011.59215089},
	url = {http://dx.doi.org/10.5465/amj.2011.59215089},
	langid = {en}
}

@article{li2017,
	title = {Sentiment-enhanced learning model for online language learning system},
	author = {Li, Li},
	year = {2017},
	month = {12},
	date = {2017-12-27},
	journal = {Electronic Commerce Research},
	pages = {23--64},
	volume = {18},
	number = {1},
	doi = {10.1007/s10660-017-9284-5},
	url = {http://dx.doi.org/10.1007/s10660-017-9284-5},
	langid = {en}
}

@article{yang2021,
	title = {Why and when paradoxical leader behavior impact employee creativity: Thriving at work and psychological safety},
	author = {Yang, Yang and Li, Zhongqiu and Liang, Liang and Zhang, Xue},
	year = {2021},
	month = {01},
	date = {2021-01-10},
	journal = {Current Psychology},
	pages = {1911--1922},
	volume = {40},
	number = {4},
	doi = {10.1007/s12144-018-0095-1},
	url = {http://dx.doi.org/10.1007/s12144-018-0095-1},
	langid = {en}
}
