@Manual{R-cowplot,
  title = {cowplot: Streamlined Plot Theme and Plot Annotations for ggplot2},
  author = {Claus O. Wilke},
  year = {2020},
  note = {R package version 1.1.1},
  url = {https://wilkelab.org/cowplot/},
}

@Manual{R-data.table,
  title = {data.table: Extension of `data.frame`},
  author = {Matt Dowle and Arun Srinivasan},
  year = {2022},
  note = {R package version 1.14.6},
  url = {https://CRAN.R-project.org/package=data.table},
}

@Manual{R-devtools,
  title = {devtools: Tools to Make Developing R Packages Easier},
  author = {Hadley Wickham and Jim Hester and Winston Chang},
  year = {2021},
  note = {R package version 2.4.1},
  url = {https://CRAN.R-project.org/package=devtools},
}

@Manual{R-egg,
  title = {egg: Extensions for ggplot2: Custom Geom, Custom Themes, Plot
Alignment, Labelled Panels, Symmetric Scales, and Fixed Panel
Size},
  author = {Baptiste Auguie},
  year = {2019},
  note = {R package version 0.4.5},
  url = {https://CRAN.R-project.org/package=egg},
}

@Manual{R-ggbrace,
  title = {ggbrace: Curly Braces in ggplot},
  author = {Nicolas Huber},
  year = {2021},
  note = {R package version 0.1.0},
}

@Manual{R-ggtext,
  title = {ggtext: Improved Text Rendering Support for ggplot2},
  author = {Claus O. Wilke and Brenton M. Wiernik},
  year = {2022},
  note = {R package version 0.1.2},
  url = {https://wilkelab.org/ggtext/},
}

@Manual{R-kableExtra,
  title = {kableExtra: Construct Complex Table with kable and Pipe Syntax},
  author = {Hao Zhu},
  year = {2021},
  note = {R package version 1.3.4},
  url = {https://CRAN.R-project.org/package=kableExtra},
}

@Manual{R-knitr,
  title = {knitr: A General-Purpose Package for Dynamic Report Generation in R},
  author = {Yihui Xie},
  year = {2022},
  note = {R package version 1.41},
  url = {https://yihui.org/knitr/},
}

@Manual{R-nonlinSims,
  title = {nonlinSims: What the Package Does (One Line, Title Case)},
  author = {First Last},
  year = {2022},
  note = {R package version 0.0.0.9000},
  url = {https://github.com/sciarraseb/nonlinSims}
}

@Manual{R-nonlinSimsAnalysis,
  title = {nonlinSimsAnalysis: Analyzes data simulated from nonlinSims package},
  author = {Sebastian Sciarra},
  year = {2022},
  note = {R package version 0.1.0},
  url = {https://github.com/sciarraseb/nonlinSimsAnalysis}
}

@Manual{R-RColorBrewer,
  title = {RColorBrewer: ColorBrewer Palettes},
  author = {Erich Neuwirth},
  year = {2022},
  note = {R package version 1.1-3},
  url = {https://CRAN.R-project.org/package=RColorBrewer},
}

@Manual{R-tidyverse,
  title = {tidyverse: Easily Install and Load the Tidyverse},
  author = {Hadley Wickham},
  year = {2022},
  note = {R package version 1.3.2},
  url = {https://CRAN.R-project.org/package=tidyverse},
}

@Book{knitr2015,
  title = {Dynamic Documents with {R} and knitr},
  author = {Yihui Xie},
  publisher = {Chapman and Hall/CRC},
  address = {Boca Raton, Florida},
  year = {2015},
  edition = {2nd},
  note = {ISBN 978-1498716963},
  url = {https://yihui.org/knitr/},
}

@InCollection{knitr2014,
  booktitle = {Implementing Reproducible Computational Research},
  editor = {Victoria Stodden and Friedrich Leisch and Roger D. Peng},
  title = {knitr: A Comprehensive Tool for Reproducible Research in {R}},
  author = {Yihui Xie},
  publisher = {Chapman and Hall/CRC},
  year = {2014},
  note = {ISBN 978-1466561595},
  url = {http://www.crcpress.com/product/isbn/9781466561595},
}

@Article{tidyverse2019,
  title = {Welcome to the {tidyverse}},
  author = {Hadley Wickham and Mara Averick and Jennifer Bryan and Winston Chang and Lucy D'Agostino McGowan and Romain François and Garrett Grolemund and Alex Hayes and Lionel Henry and Jim Hester and Max Kuhn and Thomas Lin Pedersen and Evan Miller and Stephan Milton Bache and Kirill Müller and Jeroen Ooms and David Robinson and Dana Paige Seidel and Vitalie Spinu and Kohske Takahashi and Davis Vaughan and Claus Wilke and Kara Woo and Hiroaki Yutani},
  year = {2019},
  journal = {Journal of Open Source Software},
  volume = {4},
  number = {43},
  pages = {1686},
  doi = {10.21105/joss.01686},
}

